2416 4364
375 234 703 309 seutentiam.
898 181 907 200 ⁰
986 206 1031 313 tr

70 420 155 499 ttsm'
171 420 325 491 trondem
356 446 562 513 percurrens,
600 422 745 487 rarnellis
763 418 872 507 duplo
891 426 1033 493 crassius

70 516 103 579 sb
170 512 322 589 acidum,
339 514 543 576 articulatum
552 554 562 583 ,
580 510 724 572 articulis
753 511 954 575 brevissimis
971 515 1032 579 vix

71 598 234 667 ²tlrttrnetri
249 599 475 679 longioribus,
507 596 666 677 geniculis
682 597 837 660 obsoletis
853 608 886 659 et
896 609 1030 665 tantum

70 687 267 753 :verticillis
285 696 427 751 suarum
445 684 640 769 conspicuis.
669 678 810 745 Remelli
829 680 1028 767 densissimi,
1107 724 1127 761 ι,
1149 748 1151 755 ,

70 772 305 847 rbrerticillati,
332 772 475 847 subseni,
503 770 733 846 horizontem,
756 774 947 837 creberrime
969 792 1028 837 re-

70 864 143 939 tosi,
169 860 358 926 trichotomi
379 870 413 923 et
438 855 571 920 tandem
593 855 784 937 dichotomi,
801 858 910 921 axillis
930 860 1029 925 dire·-

70 946 165 1027 ἰωὴ,
183 945 368 1020 articulati,
389 945 533 1008 articulis
562 954 666 1006 toturn
701 943 913 1010 interstitium
944 950 1029 1014 inter

70 1032 167 1099 mttn-
183 1033 437 1117 occupantibus,
458 1032 574 1095 infimo
596 1028 674 1114 (rel
697 1028 829 1117 primo)
846 1033 925 1111 ,nasi
949 1038 1030 1099 bul-

70 1115 387 1199 ung-diametrum
405 1153 450 1167 -
468 1117 489 1180 6
511 1119 567 1202 plo
588 1117 740 1199 longior-i,
757 1117 899 1184 secundo
917 1120 1027 1209 duplo,

70 1206 157 1271 ltimo
169 1205 256 1296 (rel
271 1204 449 1354 supremog
474 1202 574 1289 duplo
587 1205 734 1284 longiore
754 1205 845 1289 apice
864 1210 1027 1294 epiculeto

79 1304 107 1357 nt
132 1294 168 1359 in
198 1291 359 1378 Nitetln).
450 1292 611 1354 obstantia
639 1292 898 1374 membranacei,
925 1298 1028 1359 tubu-
1098 1366 1101 1375 ,

70 1380 107 1447 uti
137 1378 375 1465 subdiepbani‚
417 1378 607 1463 plerumque
649 1378 775 1452 obtusi,
809 1378 911 1444 rarius
944 1403 1028 1446 acn-

70 1464 261 1541 i-‚2nrticulis
282 1464 462 1552 quadruplo
482 1464 684 1545 longioribus
700 1473 732 1528 et
751 1475 854 1528 toturn
873 1466 1027 1534 interno-
1130 1486 1152 1533 'r

70 1552 377 1617 luru‘eflicientibus.
419 1549 517 1615 Color
535 1553 737 1615 humectatae
759 1553 817 1613 snb
833 1552 942 1629 lente,
967 1558 1026 1621 lu·-
1114 1606 1117 1615 .

70 1641 440 1721 uenti-terrugineus,
463 1660 527 1723 quo
550 1638 650 1701 etiam
672 1657 791 1722 equam
811 1639 917 1721 tingit¹
954 1643 1027 1707 Ar..

70 1727 139 1791 'culi
157 1726 362 1789 remellornrn
381 1726 453 1789 ceri
472 1724 640 1788 continent
659 1726 829 1788 materiem
850 1726 929 1814 dnpl
944 1772 947 1780 «
960 1751 1025 1807 em,

70 1812 184 1877 lteram
205 1810 387 1876 solidiorem
406 1815 538 1875 obscure
554 1808 693 1874 viridem
706 1811 924 1891 granulosanr,
941 1838 1026 1901 qnae
1120 1830 1131 1851 ⁴
1149 1840 1152 1845 ·

70 1904 203 1963 sstiocta
218 1900 282 1961 rita
298 1903 428 1985 plantae
439 1901 474 1962 in
488 1897 665 1962 medullam
675 1890 869 1979 nigresceoti
884 1900 1026 1971 viridem

70 1986 235 2071 allabitur3
253 1986 387 2049 alteram
410 1989 581 2051 humorem
600 2006 770 2049 mucosum
786 1979 1026 2055 flavo-riren-
1137 2016 1141 2023 ·

70 2074 170 2229 pnrel
181 2074 249 2137 tere
257 2074 480 2161 sulphureum,
492 2095 556 2137 non
567 2094 639 2136 cum
648 2093 731 2157 aque
740 2064 1021 2163 sesemiscer'rtem.

142 2174 280 2239 Fructus
291 2196 357 2251 non
369 2197 426 2261 pro
438 2176 688 2257 certecognitue
715 2172 887 2241 Micholius
902 2179 1024 2245 inma—
1095 2198 1098 2211 ¹

70 2280 146 2333 rusco
160 2262 364 2337 tuberculum
375 2263 545 2341 globosum
554 2263 587 2326 in
602 2263 694 2347 apice
703 2265 912 2329 camellorum
921 2270 1022 2345 jure-

70 2344 161 2493 ium
183 2359 218 2411 et
243 2349 463 2434 simplicium,
490 2369 549 2433 pro
576 2353 679 2412 fructu
705 2350 823 2424 hebet,
846 2362 879 2414 et
906 2355 1022 2437 pingit.

77 2444 246 2501 smorero
260 2447 374 2521 postea
387 2436 580 2498 observavit.
605 2432 747 2497 Rothius
760 2441 947 2521 corpuscula
957 2462 1023 2505 an-
1139 2500 1142 2507 ,

70 2522 148 2601 ‚¹1⁸¹ss
157 2524 242 2586 inter
251 2524 404 2609 rannellos
417 2542 528 2606 sparsa
542 2523 766 2607 propagationi
779 2523 938 2587 inservire
949 2548 1024 2592 cre-

70 2608 315 2695 igouaeetiem
330 2630 347 2670 a
365 2611 459 2671 nobie
473 2610 660 2671 observatae
678 2610 723 2670 nil
738 2609 803 2671 nisi
819 2631 973 2675 arenosae
985 2624 1020 2677 et

70 2704 216 2783 paneae
243 2690 405 2759 ridentur.
461 2696 567 2781 Apice
593 2717 757 2761 ramorum
785 2696 850 2781 ipsi
876 2698 1021 2765 vidimus

70 2782 214 2857 unnim
232 2783 465 2863 nigrescentem
497 2803 572 2847 cum
597 2802 705 2846 messa
732 2804 884 2870 sporaoeo
906 2790 1020 2870 Spica-

70 2874 180 2945 rlnrine
206 2871 470 2957 convenientem.

249 2986 365 3062 XLII.
394 2983 811 3061 SPHACELARIA.

145 3106 267 3185 Gula.
303 3130 376 3177 uss.
417 3102 592 3205 Capsulae
614 3100 881 3206 (Sphacellae)
901 3130 1019 3182 massa

70 3234 211 3291 urucae
236 3208 343 3308 nigra
368 3204 526 3306 repletae
553 3206 655 3306 apice
680 3202 916 3282 dehiscentes.
954 3211 1020 3284 Fi-

70 3308 558 3497 p'pliraceo-suscescentia,
585 3310 751 3409 pinnata,
770 3307 1020 3409 longitudine-

145 3428 288 3489 strrata.

138 3536 250 3601 Canu.
271 3552 393 3599 saron.
425 3525 535 3591 Radix
555 3527 588 3588 in
610 3524 801 3611 quibusdam
820 3506 961 3607 scutata,
982 3528 1027 3595 in'

70 3624 148 3693 teris
164 3630 201 3687 et
221 3619 374 3705 genuinis
391 3628 424 3681 et
441 3617 621 3679 charactere
634 3615 784 3694 evolutis,
793 3626 934 3705 stuposa,
944 3627 1021 3682 stu-

70 3718 118 3789 Π,
528 3704 556 3772 Β
639 3744 640 3753 κ
975 3730 1017 3797 pa
