2416 4364
170 331 258 379 xxiv

174 489 404 576 magnitudine
417 512 455 556 ec
464 489 719 580 pinxeruut'ipsi
731 487 925 562 anatomici
946 485 1045 574 Quod
1060 509 1159 574 saepe

175 616 237 682 pro
261 591 413 678 generice
435 593 623 660 charactere
646 594 866 666 examinando
893 593 1041 659 sufficere
1063 590 1160 656 vide·

118 759 124 772 .
176 707 244 761 tur.
286 692 394 763 Credo
412 696 502 767 enim
517 697 785 780 instrumentumj
804 697 891 783 quod
912 695 1161 764 observatorem

176 812 245 867 non
266 799 304 868 itt
321 797 491 868 fallaciam
516 791 624 884 ducit,
652 818 819 890 praestare
849 798 930 881 illo,
956 797 1044 884 quod
1066 794 1159 888 obje-

148 968 151 975 .
177 917 267 971 ctum
283 899 431 972 maxime
453 904 648 991 amplificat,
670 904 727 970 sed
746 902 854 970 reddit
874 890 1054 967 obscurius.

281 1003 393 1095 Neque
420 1007 462 1072 ab
490 1009 745 1099 amplificatione
772 1007 811 1075 in
839 1007 933 1074 icone
954 1004 995 1072 ad
1015 1001 1162 1091 amplifi·

86 1173 90 1181 ,
177 1106 342 1185 ontionem
361 1107 468 1195 ipsius
481 1108 692 1176 instrumenti
713 1109 972 1180 concludendum
992 1121 1051 1173 est.
1091 1105 1162 1191 Qui

42 1216 46 1233 '
65 1254 67 1258 -
160 1243 163 1249 ¹
178 1209 335 1276 debiliori
350 1209 478 1274 laborat
492 1210 580 1294 visu,
598 1211 723 1304 objecta
732 1211 838 1275 multo
852 1206 1091 1300 majora'videt
1100 1231 1161 1296 per

67 1335 76 1383 ‘.
178 1310 268 1378 idem
294 1311 549 1382 instrumentum
579 1335 617 1378 ac
644 1311 720 1389 ifle,
749 1309 806 1397 qui
833 1309 1027 1374 fortioribus
1055 1312 1161 1377 oculis

179 1415 309 1503 gaudet.
337 1412 376 1479 Si
396 1414 527 1500 utrique
544 1414 586 1479 ad
608 1415 745 1480 eandem
762 1404 886 1478 lentem
904 1411 964 1476 illa
973 1414 1160 1504 pingerent,

179 1518 371 1605 magnitudo
386 1507 425 1581 in
441 1517 536 1583 icone
551 1519 645 1582 fieret
668 1514 906 1582 diversissima.
934 1579 939 1591 ,

211 1618 258 1706 i)
284 1619 444 1685 Floridcos
473 1621 675 1686 aFoccideis
696 1618 898 1706 distinguere
922 1639 988 1682 non
1010 1616 1159 1679 sufficere

180 1721 404 1787 characterem
425 1723 528 1788 credit
541 1722 697 1791 Linkius.

106 1902 121 1917 ἵ,
216 1841 221 1848 “
287 1825 449 1890 Florideus
468 1827 662 1899 albtcoidcis
669 1850 738 1893 non
748 1827 790 1893 ob
806 1824 1028 1892 characterem
1041 1823 1162 1889 distin·-

181 1929 285 2010 xigut
298 1930 490 2016 generatim,
514 1945 673 2016 quantum
690 1954 710 1995 a
730 1929 873 1998 vinculis
894 1928 1024 2017 scholae
1036 1934 1163 1993 sensim

169 2055 236 2097 ,me
250 2033 362 2113 solvo,
385 2032 535 2098 cohortes
552 2056 620 2097 non
636 2033 677 2098 ob
698 2018 903 2098 characteres
922 2053 1091 2120 compono,
1104 2029 1163 2093 sed

92 2123 95 2126 ⁴
182 2132 225 2196 ob
239 2133 340 2198 series
354 2147 386 2198 et
396 2133 581 2211 affinitates.
610 2135 774 2200 Florideoe
784 2133 918 2201 omnino
933 2133 1033 2198 aliam
1042 2132 1164 2198 seriem

182 2235 348 2320 Algamm
365 2234 534 2318 exhibent,
553 2250 584 2301 et
598 2236 676 2319 ideo
693 2261 713 2301 a
732 2236 896 2302 Reccideis
914 2233 1076 2323 separavi.

225 2338 271 2424 k)
295 2337 422 2406 oedem
432 2350 470 2402 et
488 2343 670 2421 daulerpom
687 2337 728 2401 ad
746 2337 916 2402 Plaudere
935 2333 1039 2400 refert
1055 2333 1161 2416 tink,

183 2442 271 2533 qnod
291 2456 359 2506 tam
380 2439 494 2507 umeis
516 2439 732 2505 coordinandi
745 2437 919 2534 principiis
939 2436 1103 2516 abhorret,
1124 2447 1163 2499 ut

97 2544 101 2555 ’
183 2551 331 2621 refutare
349 2573 417 2613 nou
430 2547 564 2637 possim.

225 2652 268 2730 l)
287 2649 416 2715 Nomen
436 2650 580 2715 solertiae
604 2649 778 2741 vituperat.

266 2753 339 2839 Ego
359 2774 440 2818 vero
468 2753 505 2816 in
524 2777 562 2819 eo
588 2755 772 2844 adoptando
794 2756 1010 2836 excusandus.
1051 2756 1164 2829 Genus

181 2855 376 2943 Fungornm
393 2854 536 2920 solentne
555 2879 593 2921 eo
612 2870 759 2946 tempore
778 2855 935 2939 rejectum
954 2872 1035 2924 erat.
1076 2856 1164 2923 Per·

183 2961 318 3027 soonius
338 2958 420 3022 illud
436 2957 556 3024 iterum
577 2959 618 3022 ad
632 2958 772 3025 Pezizas
797 2962 984 3032 reduxerat.
1025 2961 1164 3029 Ncesius

182 3064 268 3129 illud
276 3060 313 3127 iu
331 3085 390 3127 suo
405 3076 581 3152 systemate
601 3062 736 3131 omnino
750 3064 909 3151 neglexit.
934 3065 962 3130 F
964 3063 1082 3130 riesius
1092 3066 1165 3154 pri·

182 3189 256 3230 mus
282 3164 442 3246 restituit,
463 3165 519 3228 sed
540 3165 655 3229 eodem
674 3188 761 3230 anno
786 3166 881 3248 1822,
900 3190 963 3252 quo
981 3169 1052 3258 ipse
1078 3170 1166 3236 illud

183 3264 223 3334 ed
242 3266 442 3333 denotandas
464 3268 557 3335 Ulcae
572 3269 741 3334 tubulosas
761 3270 1006 3362 adoptaveram.
1027 3274 1059 3348 ⁸²)

185 3441 395 3459 ..--...-
1087 3359 1165 3427 To-

217 3475 245 3542 *)
267 3477 339 3525 Idem
358 3474 722 3533 conuenientem
739 3490 818 3539 genus
834 3475 901 3528 luter
921 3479 1047 3534 lichenes
1067 3484 1165 3535 consti-

252 3557 333 3596 tuerat
350 3545 496 3596 Hoffmann.
546 3546 688 3609 Absogavit
701 3546 834 3602 Acunum
886 3550 974 3610 Itaque
994 3554 1064 3602 aliud
1084 3570 1166 3617 genos

251 3616 352 3665 nonnae
369 3615 551 3664 Patellurioc
542 3627 608 3664 tuter
626 3619 726 3678 Fuogcs
745 3617 1084 3673 contemsissem
1101 3640 1166 3675 vero

250 3687 277 3735 in
299 3687 341 3733 illc
365 3686 522 3736 revolutione
543 3686 738 3748 Llcbenologiae
762 3687 921 3738 resuscitatur
941 3707 1073 3754 genuus
1036 3694 1167 3744 llolruan-

249 3770 362 3809 mum.
400 3755 468 3805 vioe
493 3757 600 3820 Spreng
625 3757 748 3819 81η-
712 3757 911 3828 -Quaeritnr,
932 3767 1057 3824 quodnam
1072 3779 1166 3818 nomen

249 3828 403 3893 penitet
433 3822 973 3894 Ecdnhimtimtlmemoln‘ce.
