2444 4364
448 278 774 360 srrmcsnnmo.
1056 269 1100 337 21

107 486 232 531 omnes
250 465 409 551 amputati
427 473 555 536 assent3
577 463 721 547 pinnati,
741 457 941 543 famulisque
962 474 1020 541 per
1043 462 1103 515 to«

107 566 179 617 tam
199 548 440 633 longitudinem
459 548 598 612 disticha
622 551 748 623 vestiti,
774 545 1099 641 subulatis„asqua-

108 640 218 718 libus,
244 639 511 724 spinilormibus,
539 636 663 698 lineam
689 636 816 714 longis,
842 631 971 693 interne
993 644 1099 729 magis

108 727 301 815 petentibus
321 736 355 787 et
371 722 564 811 pectinatis,
584 742 724 808 superne
749 720 902 783 omnibus
927 726 1043 777 erectus
1066 723 1099 814 et

110 816 182 875 lere
202 812 373 898 adprensis.
413 810 554 874 Articuli
572 810 607 871 in
630 810 721 871 caule
749 807 904 879 inferiore
919 804 960 863 ob
983 820 1099 886 opaci·
1186 814 1190 823 ’

110 910 215 963 tutem
235 898 388 973 obsoleti,
409 916 548 983 superne
566 894 725 960 diametro
744 893 895 979 aequales
911 890 963 950 vel
983 906 1098 974 parum

112 988 280 1049 breviores
289 998 304 1059 ‚'
322 984 476 1058 bistriati,
499 984 587 1046 striis
615 982 780 1068 parallelis
799 973 1098 1058 longitudinalibus.

113 1074 221 1159 Apice
240 1082 409 1135 mutantur
428 1070 547 1132 ramuli
569 1070 605 1131 in
623 1067 826 1153 pedunculos
841 1066 1016 1142 elongatos,
1037 1078 1099 1162 ge-

114 1161 234 1222 nicnlie
255 1160 524 1221 evanescentibus
538 1156 712 1219 continuos
733 1166 767 1218 et
784 1153 1007 1217 inerticulntos
1025 1143 1101 1207 dra-

113 1248 244 1333 phanos
268 1246 505 1331 sphncellarnm
536 1245 734 1307 clavelarum
754 1260 895 1305 messem
915 1252 1100 1320 sporaceoru

114 1333 244 1417 nigram
261 1330 521 1404 includentium,
548 1328 638 1393 nudo
658 1330 752 1401 oculo
776 1326 1033 1414 conspicuaruru.

186 1438 190 1449 Ι
221 1462 362 1531 Chartae
379 1487 447 1530 non
473 1463 641 1532 adhaeret.

116 1622 154 1703 β.
174 1618 385 1693 Pennata,
404 1614 551 1702 pinnulis
571 1612 767 1704 patentibus.
837 1704 843 1713 Ι
875 1688 878 1693 ,

161 1750 204 1815 ln
220 1751 302 1813 meri
322 1748 576 1821 lllediterraneo.

220 1886 330 1954 illinus
350 1888 529 1971 fastigiata,
545 1888 681 1953 ramulis
693 1888 880 1974 petentibus
899 1882 1101 1969 longioribus

113 1976 299 2065 pectinatis.
318 2013 362 2027 -
390 1977 510 2039 Habitu
536 1988 701 2039 extremae
725 1979 851 2041 formae
870 1972 1034 2051 diverbae,
1054 1973 1101 2034 ila

114 2076 152 2127 ut
163 2085 222 2149 pro
249 2060 411 2126 distinctis
431 2064 601 2149 speciebus
620 2064 733 2127 heberi
756 2074 910 2151 possent,
940 2058 998 2125 sed
1017 2062 1103 2123 bon-

118 2152 229 2217 fluunt
256 2148 482 2213 intermediae.
527 2150 530 2157 '
561 2150 567 2155 ’

208 2262 289 2327 Icon
308 2262 441 2328 Lobelii
463 2264 613 2329 habitum
634 2264 733 2345 hujus
748 2266 869 2355 speciei
885 2268 969 2337 boue
991 2268 1105 2355 expri-

117 2354 196 2419 mit.
241 2349 416 2415 Dodonaei
447 2372 657 2433 synonymon
676 2375 719 2415 ex
747 2353 907 2435 editione,
931 2378 1014 2441 quae
1035 2378 1105 2429 nof-

118 2438 170 2503 bis
194 2448 261 2515 est,
285 2438 477 2515 citavimus,
500 2437 595 2502 aliud·
610 2436 820 2521 Lyngbyeus.
867 2439 894 2503 l.
922 2441 1103 2519 Bauhinus,

121 2526 156 2585 ni
183 2526 346 2601 fallimur,
374 2524 410 2586 in
440 2536 577 2611 utroque
595 2526 668 2604 loco
693 2530 791 2590 citato
806 2524 1103 2615 eandemspecieru

118 2608 281 2691 indigitat.
317 2606 396 2673 Icon
413 2633 471 2696 pro
491 2622 638 2696 ternpore
656 2634 723 2675 non
740 2614 837 2677 mala.
880 2613 932 2681 De
956 2636 1106 2698 synony-

117 2714 176 2765 mo
195 2696 335 2761 Dillenii
357 2696 483 2759 dubitat
504 2694 659 2763 Rothius.
722 2748 725 2753 -

231 2814 394 2897 conserua
423 2819 591 2896 rzp‘escens
614 2814 706 2883 Roth
734 2820 955 2906 slupnbuins
985 2824 1106 2911 spetiei

121 2904 180 2966 vel
204 2902 313 2967 affinis
333 2902 499 2983 cujusdam
524 2906 775 2983 esse-ridetur,
790 2928 894 2993 neque
922 2909 1043 2994 aliquid
1070 2912 1106 2975 in

123 2986 342 3073 descriptione
360 2994 477 3065 obstat,
492 3002 618 3075 praeter
634 2992 721 3077 quod
731 2995 813 3061 alios
829 3002 922 3059 lucos
938 3008 1107 3083 perrepta—

122 3076 296 3152 redicitur,
317 3074 351 3139 id
369 3076 456 3161 quod
474 3078 516 3141 de
533 3080 604 3162 ipsa
618 3080 680 3142 hnc
696 3080 804 3162 Algae
821 3084 940 3169 specie,
956 3100 1016 3171 pro
1040 3084 1109 3155 Fu-

123 3184 161 3227 so
182 3162 460 3238 sarcile‘ltsbenda,
478 3166 621 3247 intelligi
636 3178 753 3252 potest.
945 3164 959 3179 ”
1085 3184 1089 3191 ’

228 3300 377 3383 Organa,
396 3320 479 3385 quae
496 3296 636 3365 Rothins‘
651 3301 685 3364 in
709 3302 819 3366 axillis
840 3308 1036 3391 ramulorum
1055 3306 1112 3367 in-

111 3389 240 3471 ¹venit,
274 3388 547 3467 vesiculiformia,
583 3389 726 3466 sessilia,
760 3406 969 3473 mucronata,
996 3396 1110 3477 polita,

125 3477 264 3539 nitentia
284 3472 458 3561 pellucido,
473 3496 620 3559 quaeque
631 3496 690 3560 pro
707 3472 941 3559 conceptaculis
960 3503 1112 3565 sperma-

125 3564 199 3625 tiris
223 3563 338 3639 babet,
360 3584 428 3625 nou
451 3559 530 3622 vidi.
576 3560 612 3625 si
637 3581 749 3625 revers
770 3563 811 3625 sd
840 3568 987 3651 plantam
1008 3566 1113 3653 puerti-

128 3656 226 3725 uent,
258 3646 355 3713 valde
375 3646 611 3712 memorabilia.
1009 3716 1013 3720 ,
