2416 4364
94 292 97 301 .
134 238 179 307 32
463 240 790 313 sennensem

132 442 208 487 snos
233 420 509 509 simpliciusculas
532 426 715 508 fastigiatus
741 424 930 509 regulariter
956 423 1050 511 piarat

132 508 179 571 ita
207 521 240 571 ut
268 509 333 573 duo
363 513 491 575 articuli
518 513 670 600 pinnulas
697 510 765 578 ier'e
791 535 922 598 seraper
960 514 1050 575 iutaral

132 595 293 677 Pinnulae
310 608 457 682 patentes
474 597 532 661 le
555 601 676 664 lineam
697 604 832 681 longae,
861 618 976 662 «ituraea
993 622 1049 683 aeq·

131 683 203 758 les,
225 684 337 765 etita·
357 687 550 770 pectinatae.
601 684 742 751 Articuli
768 684 927 748 ‹liaraetra
956 688 1050 763 aearual

130 771 245 835 striati.
271 767 465 853 Sphacellae
473 774 671 852 terminales,
684 784 719 836 ut
728 775 761 836 in
774 774 889 836 ceteris
902 772 1050 859 spharcelal

130 862 253 941 nigrae.
291 856 388 919 Cular
401 863 538 935 iuncus,
561 862 779 925 exsiccatione
798 861 1009 941 lerruginens.

131 1006 140 1015 s
234 976 366 1063 Species
393 976 510 1041 similis
533 976 665 1064 quidem
685 974 912 1064 praecedenti,
930 976 987 1041 sed
1005 976 1050 1041 lit

128 1067 335 1145 regularitate
353 1064 525 1148 pinnarum
534 1107 545 1139 ,
571 1077 604 1127 et
630 1068 733 1128 caule-
745 1066 816 1128 basi
842 1076 998 1153 stupes03
1015 1074 1050 1129 etl

123 1172 203 1217 rum
224 1155 345 1231 major,
365 1150 505 1229 firmior,
531 1152 639 1215 colare
667 1153 839 1216 obscurior.

235 1266 331 1351 Quae
348 1266 389 1333 de
409 1270 471 1331 lrac
491 1269 598 1355 specie
618 1273 651 1333 in
670 1268 853 1358 systemate
878 1265 949 1331 dixi
979 1265 1050 1333 atari·

126 1356 344 1434 emendanda,
358 1376 430 1418 curn
449 1357 626 1441 specimina
647 1359 755 1421 aliena
770 1376 844 1419 cum
857 1359 1007 1437 genuinis
1020 1376 1049 1421 ca

126 1445 276 1512 fuderam
282 1445 381 1529 [jam
400 1444 502 1530 prebe
517 1443 664 1508 distinxi.

129 1573 191 1646 12.
226 1591 472 1643 senacauaarn
505 1587 743 1658 caasrrrunn,
785 1561 917 1637 fronde
959 1562 1050 1635 minu

196 1698 199 1705 ’
228 1668 380 1743 ramulis
417 1666 721 1770 subsimplicibus
764 1665 1050 1739 adsceut'lentiu

228 1772 362 1873 pressis
389 1769 537 1843 alternis
564 1768 738 1871 elongatis
762 1768 912 1841 obtusis.

170 1890 450 1977 Sphacelaria
469 1890 721 1976 caespitula,
742 1884 1050 1974 Lynga.p.105.t;

208 1991 241 2043 et
262 1975 358 2041 Grev.
385 1978 422 2041 in
444 1977 558 2041 literis.

164 2096 219 2163 Ad
238 2088 446 2162 Laminaries
471 2095 508 2159 in
529 2094 614 2159 mari
641 2090 787 2159 Barsali.
830 2088 1050 2179 speciminan

208 2187 252 2250 sit
287 2182 444 2271 Gratilla.
480 2246 483 2251 .

226 2298 393 2386 caespites
411 2297 520 2386 parvi,
540 2298 664 2363 lineam
685 2299 812 2363 circiter
834 2298 910 2379 alti,
931 2322 1050 2387 aggngr

117 2390 190 2457 Fila
199 2390 316 2477 capillo
327 2390 471 2450 laurnano
480 2387 638 2450 tenuiora.
666 2382 766 2449 Remi
781 2384 1050 2457 adscendenti-sr

4 2504 8 2515 ¹
119 2480 163 2543 cti
180 2477 297 2541 alterni
313 2476 450 2561 aliisque
471 2473 655 2537 minoribus
674 2472 868 2577 quibusdam
892 2479 965 2543 fere
986 2476 1050 2567 (ιμ’

117 2554 302 2631 li'iormibus
330 2560 540 2625 subsecundis
571 2560 704 2623 obsessa
762 2561 885 2647 Apices
914 2564 1050 2652 sphacelt

116 2654 256 2719 Articuli
272 2650 430 2712 diametro
450 2648 721 2733 sesquilongiores
737 2649 790 2709 vel
805 2653 968 2732 aequales,
983 2648 1050 2717 astri

114 2740 151 2807 ti.
191 2738 284 2802 Color
306 2738 653 2801 olivacen-virescsns
676 2732 840 2799 interdurn
859 2736 992 2804 sordide
1010 2740 1050 2803 lat

116 2848 219 2893 scens.
263 2822 450 2887 Substantia
478 2834 597 2889 tenera.

215 2932 445 3023 Sphncelnn'ue
462 2934 625 2991 cirritosue
642 2925 800 3012 proxima,
809 2938 841 2991 et
858 2922 997 2991 dubium
1011 2942 1050 3003 a!

21 3090 24 3099 ,
111 3024 183 3101 eju's
209 3022 313 3082 forma
340 3014 558 3078 vel-varietas.
606 3014 797 3093 Conservam
828 3008 1050 3077 oliunceamh

112 3108 277 3197 pertinere
301 3102 481 3187 suspicatus
500 3112 550 3165 est
572 3100 732 3184 Lyngbye
741 3145 767 3178 ,-
783 3101 841 3167 sed
862 3100 1050 3165 remitteres

113 3206 217 3259 erecta
241 3190 381 3255 diversa.

115 3320 174 3392 132
200 3334 449 3387 arnacnnaara
478 3323 760 3409 raM11.a‚stupa
788 3307 909 3405 nulla,
943 3311 1050 3387 filisa

213 3412 365 3503 auibus,
397 3410 509 3482 ramis
542 3410 689 3483 alternis
724 3415 846 3514 parcis
869 3415 1049 3490 flexuosis

154 3542 440 3701 Sfilrgfflelariu
461 3546 622 3631 purnila
639 3548 701 3629 Ag.
724 3548 759 3610 in
797 3546 1050 3619 Bot.Z0it.182

193 3662 226 3729 P,
312 3684 318 3698 ,
930 3674 934 3679 .

1035 3726 1050 3793 l
