2444 4364
1 373 2 380 ,
111 306 148 371 2·
281 310 286 321 '
339 338 383 367 :·*··
454 312 741 379 stetistis.-
1030 352 1040 382 t

40 540 43 545 .
113 489 332 574 spmidiorum
354 491 461 555 habet.
506 491 598 557 Idem
621 505 784 559 asseverat
806 491 902 570 Bury.
947 488 1093 570 Egoneo

94 575 194 655 ¹vidi,
218 599 277 637 nec
296 576 436 660 sporidia
456 580 617 660 ejusmodi
638 584 806 665 placentae
823 579 901 640 exili
924 577 1022 638 affixa
1040 595 1093 637 ee·

115 685 150 724 se
180 685 276 748 posse
304 664 514 747 crediderim,
539 681 742 731 cumcontra
767 666 807 728 ad
826 665 1015 727 interiorem
1033 680 1092 746 pa-

117 750 226 830 giuam
253 752 321 811 tubi
345 763 473 815 catenas
496 774 665 838 sperarum
698 754 910 816 adhaerentes
939 749 1019 814 vidi.
1053 758 1093 791 -'

115 834 258 899 Isinkius
276 837 493 900 nltsracterem
511 841 639 921 generis
654 841 690 901 in
708 839 859 928 sporidiis
873 833 1089 900 fusiformibus

116 925 201 984 intra
221 924 398 1002 gelatinam
420 919 598 988 'reconditis
617 926 728 1011 ponit,
760 924 846 1011 quod
861 924 906 985 ita
926 924 1092 1008 explican-

118 1010 195 1071 dum
212 1030 284 1072 esse
299 1011 393 1073 nobie
414 1010 552 1085 videtur,
570 1023 604 1073 ut
624 1024 756 1077 catenae
778 1031 948 1098 sperarum
969 1004 1089 1071 tandem

117 1098 293 1172 solventur,
301 1108 336 1158 et
354 1096 496 1183 sporidia
515 1100 615 1161 libere
633 1101 715 1164 intra
728 1102 831 1162 filum.
859 1095 923 1159 Sed
937 1088 1089 1163 nonfusiz¹

119 1184 248 1245 l'orsnie'
262 1194 353 1260 sunt,
373 1203 431 1247 uec
453 1184 490 1248 in
510 1184 652 1267 gelatina
675 1185 851 1251 recondita.

115 1292 121 1309 ⁸
206 1303 349 1388 Papillae
382 1305 565 1372 rudimenta
586 1303 750 1387 ejusmodi
780 1292 992 1367 'remellorum
1018 1298 1092 1367 esss'

122 1391 227 1474 quiin
256 1389 546 1477 Batrachosp'emo
563 1395 793 1464 observantur,
811 1392 953 1473 Eiiesius
968 1383 1090 1466 judicu,

124 1500 198 1539 cum
221 1479 335 1562 quibus
360 1501 400 1542 ue
422 1481 675 1545 remotissimam
698 1478 794 1542 video
819 1479 1015 1557 analogiam.

155 1604 183 1665 J
215 1597 296 1663 Obsa
314 1597 385 1664 Filo
401 1602 478 1667 uine
494 1625 553 1693 per
572 1602 817 1686 damnationem
835 1598 1005 1663 flammam
1021 1612 1092 1657 ιιιμ

125 1682 218 1749 delae
234 1686 341 1749 subito
364 1692 571 1772 exstinguere
589 1691 699 1754 There
718 1702 751 1752 et
775 1686 866 1767 Bury
881 1686 1091 1750 observarunt·

126 1770 218 1833 Statu
243 1784 352 1836 autem
377 1777 462 1840 sicco
489 1776 585 1840 avide
608 1778 747 1858 ssag'rant
768 1773 867 1838 odore
885 1768 1024 1858 quodam
1047 1776 1093 1837 te

41 1860 46 1867 '
125 1856 184 1920 nui
221 1860 411 1943 capillorum
441 1875 586 1926 ustorum
602 1864 721 1926 simili.

216 1958 422 2025 Germinntio.
440 1964 520 2029 Filis
532 1954 676 2050 tempore
688 1964 818 2026 aestatis
831 1958 1093 2031 flaccescentibus.

128 2058 260 2110 catenae
267 2066 327 2133 pes
338 2050 438 2113 rimas
449 2054 504 2117 vel
516 2054 649 2137 abrupto
664 2052 719 2113 filo
727 2051 761 2113 in
780 2071 897 2136 aquam
907 2047 1095 2133 disperges-2

127 2126 196 2211 tur,
211 2144 247 2197 ut
265 2134 301 2195 in
329 2134 471 2235 sporidia
497 2140 621 2202 sensim
644 2139 819 2206 solventur.
865 2134 942 2199 Post
965 2124 1097 2219 10—12

127 2218 198 2283 tlies
219 2220 300 2285 haee
315 2220 456 2308 sposidia
471 2224 537 2288 uno
559 2226 613 2290 tel
628 2236 763 2311 utroque
782 2224 872 2311 apiae
893 2218 930 2284 isi
950 2222 1006 2284 fila
1027 2196 1097 2307 notl

128 2306 294 2370 insividti
320 2313 522 2393 elongentur.
730 2314 734 2319 ’
876 2340 879 2345 ·
1049 2306 1092 2343 ’”“

213 2430 416 2497 Vaucherios
440 2435 540 2497 etiem
565 2432 664 2496 eredit
696 2432 778 2493 haee
799 2424 939 2512 sporidia
968 2424 1005 2487 in
1032 2419 1097 2507 ipso

61 2572 64 2576 ,
128 2516 185 2591 iilo
207 2520 390 2603 germinare
412 2540 518 2607 posse,
535 2532 569 2584 et
590 2533 666 2583 tunc
685 2518 720 2582 in
736 2516 894 2600 caespites
910 2530 1028 2599 parvos
1047 2506 1097 2571 filo

129 2602 339 2755 asgheerentes
358 2629 559 2688 excrescere,
580 2605 795 2694 quod-tamen
813 2619 995 2686 numquam
1017 2602 1099 2667 ,eata

130 2713 150 2754 o
173 2712 264 2755 serve
282 2714 347 2755 um.

182 2832 185 2837 ·
217 2774 365 2859 Omnino
387 2795 487 2858 elium
512 2791 724 2858 fructificandi
751 2803 784 2859 st
810 2785 1016 2871 germinandi
1031 2802 1100 2849 mos

19 2904 33 2923 ι
132 2877 209 2944 (lum
231 2902 302 2945 esee
322 2880 422 2947 credit
444 2880 579 2961 Boryus.
619 2878 774 2944 Gemmas
789 2892 937 2941 externas
956 2872 1100 2961 (papilla

130 2966 314 3050 intelligere
331 2969 474 3054 videtur)
491 2967 628 3031 assumit
647 2969 715 3041 ille,
736 2964 870 3029 tandem
893 2955 1100 3046 seperstesit

133 3074 219 3116 nova
236 3053 406 3119 individua
426 3067 657 3131 excrescentes,
680 3051 767 3138 quod
794 3053 822 3116 si
844 3050 884 3113 de
906 3044 1100 3133 papilliuin-

133 3143 298 3205 tellectum
320 3145 409 3215 vult,
429 3143 565 3204 omniuo
587 3162 768 3205 erroneum.
813 3138 879 3201 Sed
904 3154 1019 3197 verum
1036 3132 1100 3195 tus

133 3238 221 3289 etum
239 3251 306 3291 non
320 3241 390 3292 tum
405 3229 567 3309 coguovit.

224 3344 343 3408 Genus.
377 3346 451 3411 Jsm
471 3346 680 3410 Adansonios
702 3363 804 3425 genus
818 3341 952 3404 nomine
970 3340 1100 3424 Apenas

134 3433 320 3511 constituit,
344 3434 521 3499 &manius
550 3455 624 3496 ιιιιιι
650 3433 953 3513 Batrachospermis
979 3432 1019 3492 ob
1046 3427 1100 3487 he·

133 3517 236 3581 bitum
257 3517 344 3581 nudo
366 3523 459 3583 oculo
475 3533 670 3606 spectatum,
694 3520 891 3598 conjungens
900 3540 910 3595 3
936 3514 1022 3601 quod
1050 3530 1100 3575 use

125 3606 223 3681 ,mine
248 3608 439 3686 'I'rielsogoni
466 3602 584 3670 iteruin
614 3606 782 3668 restituere
811 3615 945 3665 conatus
969 3614 1018 3664 est
1043 3597 1100 3663 Pel

132 3686 306 3757 Beeuvais.
349 3691 414 3757 Cir.
437 3693 548 3757 Journ.
564 3691 636 3757 Bot.
660 3690 745 3755 1808
766 3713 797 3777 p.
821 3688 892 3758 123.
929 3688 1002 3750 Non
1022 3686 1100 3835 mu:

1057 3794 1075 3833 ιι
