2444 4364
489 266 770 371 auroniusrs
1075 263 1119 331 m
1204 332 1207 343 ,

95 406 106 577 ἱ
139 456 364 625 &mineum
384 453 628 543 quodammodo
654 469 802 533 vergens.
855 445 1042 513 Substantia
1068 447 1120 511 ri-

243 665 391 755 Species.
408 663 585 746 Dillwyuii
606 661 701 724 valde
728 656 842 733 dubia,
866 665 898 719 et
925 664 1052 716 tantum
1074 673 1116 715 ex

95 728 102 805 ἶ
139 751 254 816 habitu
278 755 380 840 ipsius
401 752 513 815 iconis'
528 754 597 812 huo
610 752 719 824 relata,
741 744 956 827 descriptione
976 743 1128 802 multum'

95 850 116 927 'p
138 853 350 924 repugnante.
386 836 425 901 lu
445 850 554 901 nostru
569 838 660 901 enim
679 833 805 897 articuli
824 828 970 916 primarii
985 825 1117 889 diome-

95 930 112 1005 Ι-
139 936 188 985 lto
215 949 282 991 noo
306 929 577 1008 sesquilongiores
601 923 663 987 sed
694 940 795 1005 usque
829 904 907 1003 5pld
937 915 1114 993 longiores.

140 1008 205 1075 Sed
222 1015 350 1079 articuli
373 1016 554 1097 superiores
572 1014 672 1073 etium
693 1009 728 1069 iu
743 1015 851 1067 nostra
870 1001 1115 1085 sesquilougiu-

139 1118 190 1161 res
212 1113 298 1165 sunt.
334 1098 507 1180 L'yugbyei
531 1101 643 1187 plante
672 1116 739 1159 nou
771 1093 836 1155 uisi
857 1088 945 1155 striis
968 1089 1114 1149 crucietis
1145 1164 1151 1177 1
1188 1086 1193 1093 “

139 1184 268 1251 differre
280 1187 430 1249 'videtum

134 1319 197 1394 ΩΟ.
230 1320 463 1396 Horcmusra
479 1286 688 1411 sinuosi,
737 1312 810 1389 filis
857 1312 1112 1401 ramosissimis

238 1420 407 1513 diffusis,
440 1422 554 1520 spinis
589 1414 750 1519 parvulis
775 1410 983 1517 putentibus
1008 1418 1113 1517 spu'r-

236 1523 305 1616 sis,
324 1522 489 1595 articulis
512 1521 691 1594 diametro
712 1517 940 1618 aequalibus,

96 1654 102 1667 '
173 1656 769 1809 P⁰¹g⁸i915h⁰¹²i³⁸pi⁰¹i¹⁰⁸ffi
812 1650 908 1719 Grer.
943 1650 1032 1717 Scot.
1068 1676 1110 1718 cr.

222 1756 287 1810 in.
362 1793 369 1809 .

176 1861 218 1929 In
238 1866 332 1931 litore
355 1864 485 1930 Scotioe
504 1861 659 1928 Groville.
684 1858 744 1923 ·ln
773 1860 857 1925 rneri
874 1857 1042 1925 Adriatico
1067 1859 1109 1925 ed

218 1950 410 2031 Venetiam,
427 1950 512 2016 unde
532 1951 622 2013 misit
640 1946 837 2029 Rucltinger.

231 2069 305 2133 Filo
326 2070 471 2153 digitalis
487 2080 520 2132 et
540 2070 721 2147 ultru‚sets
743 2070 876 2154 porcino
895 2068 995 2155 duplo
1016 2094 1109 2137 cros·

119 2155 229 2233 ciera,
243 2158 366 2221 sensim
383 2168 547 2219 attenuata
569 2166 603 2220 et
624 2156 788 2242 capillario
810 2158 938 2221 inferne
954 2156 1108 2223 dichoto-

128 2262 195 2323 ms,
219 2241 551 2316 axillisdivuricatie,
575 2253 608 2305 et
622 2243 668 2307 ite
682 2244 847 2321 flexuosa,
872 2264 1012 2330 superne
1030 2268 1107 2311 ma-
1177 2252 1181 2261 “
1208 2242 1214 2269 “

115 2329 179 2409 'gis
202 2330 346 2411 virgata,
366 2329 510 2412 undique
528 2340 559 2389 et
575 2331 746 2414 praecipue
767 2330 802 2389 in
828 2336 997 2416 superiore
1016 2345 1106 2417 porte

127 2416 261 2479 obsum
283 2416 418 2479 ramulis
436 2416 708 2499 spinaciormibus
724 2416 844 2477 lineum
863 2418 980 2497 longis,
996 2420 1105 2481 iuter-

96 2536 101 2581 t
126 2502 217 2567 vetto
237 2503 334 2565 unius
356 2503 462 2565 liueae
482 2502 537 2563 vel
553 2502 693 2581 longiori
712 2498 926 2576 distantibus,
941 2504 1020 2586 ¹ipso
1046 2506 1104 2569 fito

128 2586 186 2653 ubi
206 2588 327 2653 insidet
351 2588 576 2662 tenuioribus,
607 2587 792 2672 patentibus
821 2589 875 2649 vel
898 2601 1106 2673 erecto-pfl.

126 2677 281 2741 tentibus.
316 2675 457 2739 Articuli
476 2674 635 2737 diametro
649 2674 872 2756 subaequalem
886 2676 980 2739 renis
996 2674 1105 2741 'tribus
1126 2740 1130 2747 ,

100 2762 240 2851 jstricti.
289 2760 445 2827 Geuicule
467 2759 649 2849 pellucido,
675 2757 733 2822 sed
750 2760 837 2821 linea
860 2765 994 2825 obscuro
1008 2762 1105 2833 limi-:-

125 2858 205 2927 tots,
219 2850 279 2914 iilo
293 2870 408 2935 parum
422 2849 587 2916 crassiora.
619 2842 724 2909 Color.
737 2849 1104 2936 lusco-purpureus.-

126 2930 316 2999 Substantie
338 2936 563 3017 cartilagines,
583 2934 705 2998 mollia.

230 3048 358 3113 Similis
377 3050 592 3114 Hutolrinsiae
614 3048 765 3128 llaecoidr'5
781 3036 839 3113 sed
856 3048 1007 3119 distincto
1028 3056 1103 3141 spi-

125 3137 214 3200 nolis
231 3137 427 3200 terentibus.
475 3136 661 3225 specimine
681 3136 929 3220 Polysiplronins
953 3148 1102 3227 sprauto.

97 3226 183 3287 ·''·rce
204 3222 299 3288 Grev.
317 3244 384 3286 noo
408 3222 563 3302 vidimus,
584 3219 641 3284 sed
656 3221 732 3284 icon
754 3244 867 3307 parum
881 3238 917 3291 et
930 3230 1101 3294 characte-

124 3328 177 3375 res
193 3311 332 3374 mimine
351 3333 369 3372 e
394 3312 502 3396 specie
522 3307 689 3373 Adriatico
712 3310 848 3374 aberret.
888 3314 982 3379 Unde
995 3338 1101 3398 cyno-

124 3416 225 3479 nymn
246 3396 473 3477 judicavimus.
512 3394 639 3461 Tamen
657 3392 906 3483 descriptionem
927 3402 969 3467 ed
990 3406 1100 3489 speci-

124 3486 214 3546 mine
254 3484 322 3546 sols
350 3482 515 3547 Adriatico
547 3482 765 3557 confecimus,
793 3504 836 3546 ne
857 3489 1115 3570 'conjungendo-

123 3572 234 3633 lorson
257 3569 387 3633 diverse
413 3570 642 3633 confusionem
666 3568 884 3637 characterum
907 3576 1098 3639 introduce-

124 3677 244 3720 remus.
307 3654 345 3721 In
371 3659 604 3741 speciminibus
630 3652 766 3737 Scoticis
800 3660 985 3727 observavit
1010 3661 1093 3729 Gre-

1027 3760 1096 3819 vtt-
