2416 4364
102 322 106 330 Ι
197 338 205 355 Χ

109 362 112 372 ’
166 373 246 419 m

168 516 388 621 discrepantia
396 549 564 604 tantorum
572 537 725 605 virorum
738 530 929 608 sufficiebat,
941 544 980 596 ut
989 529 1059 618 ipse
1073 549 1157 593 exa·

168 636 344 720 minorem,
355 639 490 724 quinam
505 654 769 723 eorumynaturaa
781 633 919 726 propior
939 644 1032 698 asset.
1070 629 1157 695 ldco

93 819 96 825 ,
170 739 365 809 Turnerum
387 761 515 811 secutus
535 769 625 826 sum,
643 768 712 811 non
732 766 827 809 coeca
846 741 920 804 fide.
949 732 1098 802 'Addidi
1119 730 1159 796 in

171 843 286 939 multis
307 847 459 943 proprias
479 847 735 914 observationes·
767 843 846 911 'Sed
872 849 1014 907 warnero
1037 840 1159 906 addere

174 960 222 1010 est
247 947 319 1013 fera
335 950 480 1027 scribere
503 954 635 1045 Iliadem
656 966 730 1041 post
751 957 932 1023 Hormou.
975 943 1019 1010 Et
1040 945 1077 1009 in
1095 944 1174 1033 hoc,

174 1049 247 1139 ipso
261 1063 428 1119 momento
447 1053 569 1121 iteravi
583 1077 724 1121 examen
745 1074 860 1118 eorum
879 1049 1056 1128 Fncorum,
1074 1072 1158 1135 quo·

175 1175 252 1243 ram
279 1153 414 1220 omnino
438 1154 573 1223 diverso
598 1158 696 1223 modo
715 1153 888 1244 descripsit
907 1153 1053 1218 fructum
1073 1152 1159 1217 Lin-

176 1252 273 1336 kius‚
296 1270 327 1321 et
344 1271 381 1322 ut
399 1272 494 1323 antea
516 1258 598 1336 vidi,
620 1251 746 1326 inveni.

206 1400 212 1415 ι
262 1357 305 1424 ln
322 1367 405 1426 Fuco
420 1363 583 1429 vesicsdoao
602 1365 666 1429 duo
680 1386 805 1451 organa
815 1364 902 1430 vidit
911 1360 1016 1442 Link,
1034 1360 1068 1422 12
1085 1382 1161 1423 cor·

117 1561 119 1565 y
179 1485 262 1551 pora
277 1463 450 1530 filiformia
466 1469 605 1550 clavata,
622 1467 777 1557 stipitata,
790 1467 1052 1557 simplicissima,
1069 1461 1163 1549 apice

180 1587 289 1633 masaa
311 1590 466 1652 grumosa
496 1562 637 1650 referta,
673 1584 704 1634 et
729 1573 767 1635 22
791 1570 849 1635 fila
877 1569 1066 1640 articulata,
1088 1565 1163 1628 fere
1207 1604 1208 1627 2

137 1664 140 1670 ’
182 1670 425 1760 paraphysibus
452 1693 643 1737 muscarum
667 1669 804 1739 similia.
852 1669 947 1736 Link
962 1668 1000 1734 in
1020 1663 1161 1732 Schrad.

182 1769 300 1839 Journ.
318 1774 385 1838 tab.
406 1775 436 1841 1.
454 1777 511 1859 fig.
528 1777 559 1842 6.
587 1776 636 1840 lta
650 1792 874 1864 comparatum
892 1775 1038 1839 fructum
1064 1790 1165 1833 num·

184 1895 282 1962 quam
319 1875 402 1943 vidi.
450 1878 578 1945 ‘Initio
594 1879 698 1959 ¹onim
725 1896 812 1948 totus
850 1876 1069 1968 glomerulus‚
1108 1871 1168 1957 qui
1207 1876 1208 1881 ’

186 1976 355 2043 constimit
384 1980 545 2058 fructum
583 2004 627 2047 ex
657 1982 824 2049 fasciculis
855 1980 990 2047 filorum
1016 1975 1169 2043 consistit

184 2104 366 2180 numquam
397 2096 506 2148 autem
523 2083 751 2174 simplicium,
780 2101 817 2150 ut
844 2093 1067 2172 repraesentat
1090 2076 1169 2141 icon

185 2183 318 2264 Linkii,
345 2185 401 2249 sed
424 2208 650 2266 ramosarum,
678 2186 945 2263 articulatam,
976 2182 1170 2264 monilifor-

186 2285 304 2367 minna
325 2286 427 2353 ramis
449 2287 660 2355 abbreviatis.
698 2288 847 2356 Ultimus
875 2288 1033 2355 articulus
1048 2287 1194 2363 horum.

113 2476 120 2487 ἱ
188 2393 394 2458 ramulorum
410 2389 570 2481 impletur
594 2414 703 2458 massa
730 2414 906 2480 sporaoea,
932 2404 964 2456 et
989 2389 1100 2454 forsan
1128 2410 1170 2452 eo

192 2510 279 2561 statu
300 2490 386 2563 vidit
405 2520 460 2563 eos
480 2493 638 2576 Linkius,
667 2493 743 2581 quia
763 2494 915 2581 capsulae
935 2491 973 2557 in
993 2491 1061 2586 ejus
1075 2489 1174 2557 icone

192 2594 352 2665 diametro
374 2598 462 2665 rami
481 2623 551 2664 non
563 2598 707 2664 multum
728 2594 916 2662 crassiores.
961 2593 1027 2663 Sed
1049 2595 1173 2665 sensim

192 2701 372 2766 dilatantur
389 2701 469 2768 illae
487 2703 650 2791 capsulae,
668 2715 699 2765 et
713 2702 797 2765 fiunt
818 2699 875 2765 filo
892 2699 967 2787 5plo
983 2697 1172 2780 crassiores,

193 2807 230 2874 in
246 2830 309 2893 qua
326 2819 430 2871 aetate
445 2826 499 2869 eas
516 2826 585 2868 non
603 2801 726 2868 vidisse
744 2800 877 2868 videtur
892 2799 1005 2882 Link3
1028 2815 1107 2866 tunc
1121 2801 1173 2867 fa·

178 2908 255 2974 'cilo
270 2932 289 2972 a
306 2908 436 2974 ramulo
454 2905 512 2973 vel
530 2903 690 2995 pcdicello
712 2926 770 2969 suo
791 2904 965 2970 solvuntur
984 2921 1016 2970 et
1037 2906 1174 2972 omnino

192 3011 318 3078 liberae
347 3009 434 3075 inter
462 3010 521 3077 fila
545 3009 693 3075 nidulari
719 3009 886 3075 videntur.
941 3007 1175 3100 Discrepantia

194 3113 316 3186 Linkii,
336 3113 446 3197 itaque
469 3109 591 3176 exinde
610 3111 696 3178 oriri
712 3110 855 3194 videtur,
878 3113 1025 3209 primurn
1043 3127 1081 3178 ut
1101 3114 1175 3180 fra·

197 3235 286 3286 ctum
310 3216 347 3282 in
378 3216 447 3307 ejus
473 3216 646 3310 juventute
677 3229 804 3280 tantum
827 3215 1083 3297 examinaverit,
1105 3233 1175 3286 tum

195 3323 310 3390 forsan
338 3334 373 3384 ut
398 3312 556 3385 sectiones
579 3315 711 3384 cultello
735 3313 892 3379 abscissas
913 3315 973 3379 sub
997 3316 1176 3384 microsco·

172 3492 176 3499 ,
196 3426 252 3517 pio
270 3422 389 3512 posuit,
405 3421 494 3486 unda
514 3443 582 3486 non
600 3417 666 3482 nisi
680 3416 787 3504 apices
810 3413 957 3491 fasciculi
974 3417 1110 3484 filorum
1125 3418 1176 3493 vi-

198 3530 257 3612 dit,
280 3552 343 3615 quo
363 3510 501 3593 omnino
524 3523 629 3593 alium
660 3535 826 3611 aspectum
847 3519 1002 3609 accipiet,
1030 3546 1130 3608 quam
1149 3520 1177 3587 si
1203 3603 1208 3618 1

195 3636 401 3724 glomerulus
415 3633 553 3702 filorum
570 3628 812 3721 comprimitur,
835 3640 867 3694 et
882 3631 929 3695 ita
947 3624 1098 3699 fasciculi
1121 3650 1178 3693 ex·

198 3743 388 3834 onom·
1198 3776 1201 3793 ·

485 3890 492 3899 ,
1113 3815 1177 3883 Ne·
