2416 4364
72 294 75 299 “
161 308 255 354 xrm

165 469 256 534 fiune
275 480 521 532 momentorum
544 463 639 531 oriri
653 443 787 553 potuit,
818 460 889 526 non
911 454 997 523 ldeo·
1017 449 1156 519 easdem

167 567 369 655 vegetabilia
388 567 550 633 habenda.

213 704 245 763 c)
258 686 462 773 Spirogyrum
471 687 594 752 iterum
601 685 768 776 proponit,
786 704 909 750 nomen
922 705 992 747 non
1008 693 1045 742 ut
1054 672 1158 760 facile
1197 718 1205 761 7

170 789 362 856 crederetur
376 812 421 855 ex
441 789 542 878 spiris
564 808 758 878 sporarum,
776 788 834 853 sed
845 810 889 853 ex
909 784 992 874 ipsis
1004 782 1071 848 filis
1087 778 1159 869 spi·

171 892 290 961 raliter
312 892 498 960 convolutis
519 912 674 1010 expresse
692 890 861 959 derivans.
898 888 998 957 Unde
1023 883 1161 950 conclu-

173 995 252 1060 dere
279 992 377 1079 lieet,
413 994 510 1060 illum
539 994 705 1080 antiquius
730 1018 827 1069 snum
847 1014 953 1079 genus
969 989 1012 1055 in
1032 986 1160 1053 Diario

173 1097 250 1164 Bot.
273 1088 412 1187 Q
439 1099 527 1163 1809
553 1098 771 1187 descriptum,
806 1097 893 1191 qnod
927 1090 1162 1186 Oeerllutoriuae

179 1172 346 1286 quandam
366 1198 525 1316 spiralern
542 1222 604 1287 pro
629 1215 709 1289 typo
727 1198 858 1284 babet,
857 1221 933 1263 cum
952 1181 1161 1284 lug-nerontis

176 1300 346 1419 speciebus
365 1301 586 1382 conjunxisse.
625 1300 758 1370 Revera
775 1316 887 1367 autem
904 1325 966 1367 nec
992 1299 1162 1368 maturo·

176 1403 255 1480 riae,
274 1427 335 1468 nec
342 1404 566 1491 Ζμοιπςωαια
554 1429 591 1469 ιιι
607 1405 716 1494 spiras
729 1407 923 1480 convolutae
943 1417 1030 1470 sunt
1040 1394 1162 1468 Solae

177 1506 311 1596 plantae
324 1507 542 1576 ambustae
542 1508 695 1593 ,quaeita
701 1509 869 1576 mterdum
875 1502 1145 1575 conformatae
1108 1527 1164 1570 vr-

179 1609 309 1693 dentnr,
329 1607 371 1673 ad
387 1632 498 1675 meum
515 1622 643 1677 novum
660 1634 764 1732 genus
788 1613 1041 1734 Sphaeroaygpm
1058 1605 1163 1696 perti-

179 1727 278 1788 nent,
302 1726 335 1778 et
357 1712 514 1778 credibile
537 1728 607 1796 est,
630 1714 774 1804 speciem
796 1716 867 1808 ejus
884 1716 1016 1803 generis
1035 1708 1163 1778 exami-

180 1837 278 1880 nasse
297 1813 464 1878 illustrem
487 1811 675 1895 Linkium,
706 1841 784 1882 cum
807 1817 891 1882 illud
915 1841 1018 1902 genua
1037 1814 1166 1900 primur

182 1913 364 2007 proposuit.
399 1919 594 2003 Zygueruata
608 1940 691 1983 vero
710 1917 821 2004 rigida
841 1931 929 1998 aum,
948 1931 981 1980 et
1001 1917 1167 1989 affectant,

184 2034 343 2108 qnantum
350 2018 426 2084 lieri
437 2034 554 2107 potest,
566 2019 782 2087 directionem
789 2020 1031 2095 meliusculam,
1046 2034 1078 2084 et
1092 2041 1170 2084 cum

185 2120 334 2190 externis
342 2120 534 2211 corporibus
548 2121 725 2212 impeditae
739 2122 946 2189 iucirculum
957 2121 1170 2189 conforman-

186 2242 253 2307 tur,
271 2239 432 2290 conantur
441 2247 477 2290 se
484 2222 608 2290 iterum
617 2224 745 2311 erigere
754 2239 786 2292 et
793 2225 980 2304 extendere,
993 2239 1090 2310 atque
1099 2224 1169 2290 ori·

188 2329 523 2404 turtuncillemotus,
530 2342 855 2417 quamspontanerun
863 2326 1169 2395 crednntGruithu·

189 2458 248 2504 sen
265 2449 297 2500 et
311 2432 443 2525 Meyer,
464 2456 625 2520 quemque
641 2433 702 2499 ille
737 2456 799 2522 ope
816 2431 964 2522 pilorum
982 2427 1167 2502 lateralium

51 2598 54 2605 .
190 2539 285 2629 quasi
313 2537 447 2626 organis
472 2534 620 2602 externis
643 2535 731 2603 effici
753 2558 826 2601 sese
857 2536 1049 2619 observasse
1078 2530 1169 2599 dicit.

190 2634 259 2711 Hie
286 2656 397 2709 autem
421 2653 529 2706 motus
549 2661 633 2728 pure
654 2635 865 2705 mechanicus
887 2654 936 2707 est
963 2657 996 2705 et
1022 2638 1087 2729 pili
1103 2660 1183 2711 nou,

191 2761 333 2815 exstant.
376 2744 419 2811 ln
438 2743 554 2809 charta
574 2766 656 2811 vero
687 2742 849 2809 exsiccata
869 2745 1085 2832 Zygnmotr'e
1117 2745 1181 2827 lile

192 2871 288 2940 saepe
304 2848 448 2928 sormam
468 2845 665 2912 circularem
680 2846 820 2923 habent,
841 2845 922 2915 inda
945 2863 1064 2968 ortam,
1086 2847 1173 2969 quod

193 2979 270 3023 cum
299 2951 498 3029 naturaliter
519 2949 631 3037 rigida
657 2964 754 3031 ιιιιιι,
772 2964 918 3016 externa
946 2951 983 3018 vi
1004 2952 1119 3040 potius
1138 2952 1176 3019 iu

196 3082 310 3126 arem
326 3055 522 3123 circularem
536 3053 743 3131 formantur,
761 3076 861 3139 quam
874 3053 912 3121 in
927 3057 1053 3141 figuras
1064 3057 1175 3123 flacci·

197 3162 255 3227 das
274 3158 483 3246 irregulares.
525 3152 584 3220 Sic
600 3179 715 3221 omnes
735 3155 797 3222 hae
820 3158 860 3223 de
875 3157 983 3240 forma
1001 3159 1123 3251 spirali
1138 3164 1178 3229 fi·

197 3270 328 3349 lorum,
348 3279 381 3330 et
402 3261 442 3327 de
458 3280 575 3325 eorum
591 3273 685 3324 motu
700 3258 945 3328 observationes
963 3263 1190 3353 explicandae.

198 3368 286 3436 mihi
303 3366 472 3435 videntur.
494 3396 540 3415 ·-·

80 3509 85 3517 .
139 3560 145 3565 ·
244 3539 290 3628 d)
303 3535 537 3626 Qquocladiom
552 3547 584 3598 et
597 3528 817 3621 Hygrocrocin
841 3549 930 3601 certo
956 3500 1092 3627 Fungos
1113 3490 1205 3613 essel

203 3641 381 3710 contendit.
431 3637 506 3726 Ego
528 3637 635 3747 adhuc
654 3661 723 3703 non
742 3661 861 3727 parum
880 3638 1005 3708 dubito.
1025 3680 1068 3693 -
1202 3686 1205 3697 .

1100 3739 1205 3823 Byr·-
