2444 4364
210 277 255 345 oa
554 208 838 385 purcnrnsts
879 284 884 291 ·

48 432 58 535 ¹,
160 530 166 543 ,
217 457 392 567 “Eunus
414 458 690 545 scorpioides
717 456 1025 549 usp-tuente.
1165 520 1176 535 ,
1218 517 1222 528 .

154 564 163 585 .·
252 597 511 664 Hutcltinsia
542 588 775 684 fastigiata
804 599 868 680 Ag.
904 597 1056 688 Syn-p,
1079 596 1181 664 53⁸4.
1216 697 1219 702 .

61 774 62 781 p
124 720 127 725 ·
182 756 225 765 ,,
297 685 424 767 Lyngn.
449 696 472 748 t.
493 684 546 749 33.
566 726 609 738 -
626 689 732 753 ason.
749 689 784 751 a.
807 686 894 751 scot.
913 678 947 774 pi*
964 685 1033 756 87..

142 866 150 881 ι
220 836 227 846 ’
256 821 296 886 In
326 821 409 891 mati
437 819 710 909 septentrionali,
738 823 932 890 Germanico
960 833 1000 886 es
1018 796 1181 886 Atlantico

235 980 242 997 ⁸
298 929 400 992 usque
430 908 472 971 ad
497 932 570 975 oras
596 910 722 977 Galliae
748 923 781 975 et
816 910 1025 975 Counecticut
1049 906 1183 970 Ameri-

224 1036 232 1069 ‚·
300 1015 372 1145 εἶς’,
390 997 560 1085 praecipue
587 998 632 1063 sd
660 1000 816 1064 Fucum
848 996 1059 1062 nodosum
1082 1014 1182 1081 pars·
1221 1076 1222 1085 ἵ

300 1101 404 1146 srrca.
478 1126 516 1151 -‚

228 1277 235 1285 .
316 1218 460 1283 Frondes
481 1221 699 1307 neaspitosae,
720 1222 802 1286 2-
821 1210 997 1299 duriciales,
1019 1229 1090 1294 seta
1111 1240 1182 1307 pos·

214 1309 288 1388 cina
310 1308 499 1401 plerumque
519 1308 708 1386 crassiores,
728 1313 835 1374 crebre
850 1309 1074 1383 dichotomae,
1093 1308 1184 1370 sani-

216 1398 337 1476 giotae,
357 1394 473 1456 rarnnli
493 1395 603 1457 ultimi
622 1394 747 1460 fuscati.
799 1396 940 1459 Articuli
956 1393 1115 1457 diametro
1135 1390 1191 1457 di*

218 1479 320 1545 u'nidio
338 1481 523 1557 breviores,
550 1482 646 1546 venis
668 1484 688 1546 5
705 1518 747 1530 —
774 1480 816 1545 10
833 1482 955 1557 striati,
975 1490 1050 1565 post
1082 1480 1185 1545 exsin-

152 1594 155 1603 ·
216 1569 378 1631 cntionem
401 1564 511 1630 medio
530 1581 657 1652 puncto·
673 1569 767 1650 nigro
785 1570 898 1642 notati.
953 1565 1112 1653 Cnpsnlne
1134 1568 1185 1628 la-

216 1656 345 1728 terales,
357 1649 413 1716 se'd
423 1675 519 1741 prope
531 1657 637 1739 ipsum
654 1657 781 1740 apicem
797 1656 996 1737 ramulorum
1010 1652 1105 1727 sitae,
1118 1672 1185 1715 ses-

219 1738 313 1811 siles,
335 1740 461 1815 transeo,
485 1754 607 1804 acutae.
655 1740 824 1819 Sticlridia‚
844 1742 983 1822 globulis
1002 1736 1184 1811 indisertis

217 1825 397 1891 individuis
430 1829 563 1889 ramulis
596 1829 885 1905 intumescentibus
923 1828 1043 1890 innatis
1081 1820 1184 1889 fuscis.

96 1928 104 1979 ’,
220 1915 317 1977 Color
348 1916 600 1994 atrorubescens,
624 1918 792 1979 adultioris
817 1915 1011 1996 nigrescens,
1038 1919 1187 1985 censione·

217 2011 273 2151 plne
292 2011 368 2062 ater.
413 1996 600 2063 Substantia
622 2001 838 2082 cartilaginea.
890 1997 1027 2063 Chartae
1045 2020 1114 2063 non
1131 1996 1188 2063 atl-

243 2096 342 2149 aeret.

321 2219 454 2307 Species
472 2220 506 2284 in
522 2222 603 2285 mari
623 2221 877 2309 septentrionali
894 2221 1045 2304 vulgaris,
1063 2216 1120 2285 sed
1137 2178 1192 2283 vid

220 2309 285 2373 nisi
306 2308 346 2370 ad
369 2306 490 2370 Focum
510 2313 665 2373 nodosum
687 2313 1032 2423 parasitice'crescens,
1049 2304 1136 2417 qnod
1155 2290 1202 2423 fr.

218 2397 272 2493 his
293 2395 415 2483 plantis
432 2399 653 2462 memorabile.
1130 2448 1134 2481 Ι
1155 2444 1159 2451 .

326 2529 518 2611 Synonytna
538 2531 724 2595 recentiora·
744 2531 840 2593 allata
865 2531 1018 2615 pleraque
1050 2540 1135 2595 certe
1159 2536 1187 2593 et

223 2618 322 2681 nullis
343 2611 449 2679 dubiis
471 2620 538 2677 lere
559 2627 686 2682 vexata.
735 2619 932 2701 Antiquiora
951 2628 1061 2679 tamen
1085 2619 1185 2681 iocer-

219 2715 264 2768 ta.
330 2701 468 2767 Dillenii
486 2704 587 2769 etiam
613 2715 751 2767 testante
777 2703 922 2765 Turnero
958 2726 1022 2766 non
1050 2703 1185 2777 dubium,

227 2788 421 2869 Conservam
436 2795 587 2852 omissam
598 2793 654 2853 vix
673 2792 737 2851 huc
754 2811 769 2851 s
794 2791 975 2874 ectareipse
991 2788 1184 2859 crediderim,

221 2875 393 2956 Lyngbyei
410 2876 598 2937 auctoritate
617 2874 738 2945 addidi.
763 2811 908 2938 dissime
917 2877 1094 2957 singulare,
1109 2868 1184 2963 qnod

221 2962 303 3025 illud
325 2982 529 3042 syoooyrnon
553 2963 798 3040 Linnaeanutn,
821 2961 906 3047 quod
926 2966 1024 3045 vulgo
1047 2975 1080 3027 et
1102 2958 1183 3049 quasi

221 3046 356 3112 indubie
370 3050 440 3108 'buc
461 3048 596 3110 relatum
619 3049 698 3125 tuit,
718 3070 900 3134 nomenque
918 3051 950 3111 ei
962 3050 1118 3126 servavit,
1137 3048 1183 3110 aix

222 3130 325 3213 hujus¹
340 3135 467 3219 plantae
486 3154 556 3195 esse
572 3141 687 3218 potest.
721 3134 867 3197 Primum
888 3157 979 3198 suam
1003 3136 1182 3215 Conservam

219 3225 464 3304 polymorpbom
476 3221 510 3283 in
528 3220 642 3282 Florae
657 3220 821 3282 Soecanae
838 3233 968 3306 utraque
984 3221 1129 3284 editione
1140 3238 1185 3283 re·

224 3309 368 3378 censuit,
387 3309 486 3368 narnis
504 3306 713 3383 fasciculatis,
736 3306 888 3387 viridem,
909 3321 941 3369 et
957 3309 991 3369 in
1011 3311 1093 3372 rnari
1112 3306 1184 3371 Bal·

141 3405 151 3425 ⁴
224 3394 289 3456 tico
318 3406 530 3465 crescentem,
567 3414 648 3477 qnae
683 3396 812 3466 ornnia,
845 3395 1083 3477 quantumlibet
1116 3392 1182 3458 Dill.

224 3482 248 3542 f.
270 3479 321 3554 35,
334 3480 418 3551 citet,
437 3482 535 3543 aliam
555 3482 697 3564 plantam
715 3480 868 3541 indicant.
900 3479 985 3544 Turn
1004 3484 1039 3543 in
1058 3481 1184 3566 Specie.-
1220 3509 1222 3522 ¹

225 3568 285 3628 bus
307 3565 487 3627 l'lnntnrum
516 3566 653 3628 eandem
684 3566 849 3649 producit,
876 3587 992 3645 magna
1021 3570 1112 3652 copie
1136 3586 1185 3643 sy-

225 3664 443 3733 nonymorum
470 3653 639 3715 munitam,
688 3649 782 3729 Quae
809 3672 1007 3734 synonyma,
1038 3677 1112 3719 curn
1131 3648 1185 3717 sibi

400 3754 404 3763 '
1112 3760 1184 3804 con·
