2416 4364
138 249 179 315 18
468 243 792 316 stimulantum.

142 450 182 516 pa
205 430 425 497 rulo-tusca,
447 450 466 491 e
488 429 553 491 tilis
574 427 776 493 densissime¹
795 428 953 517 implexis
972 427 1043 493 tlicb

142 519 208 581 mis
236 515 432 586 articulatis,
458 517 637 578 substantia
668 516 927 583 membranaceis
953 520 1043 581 eonati

143 605 266 667 sensim
287 602 320 664 in
339 614 486 664 trumum
507 602 719 682 cylindricum
741 603 915 675 iorroatur,
931 607 1043 689 ejusqui

143 693 175 755 la
194 703 260 752 tam
283 687 382 750 dense
405 688 681 769 longitudinaliter
703 686 952 765 coadunantur,
977 704 1010 753 ut
1023 693 1044 755 ir

144 777 245 840 stiant
264 786 296 837 et
321 772 454 836 tandem
478 777 674 839 constituant
700 776 844 851 caulem,
876 776 1043 859 quierem

143 863 180 925 in
200 864 293 925 filum
313 862 379 922 abit
398 861 608 945 primarium,
629 873 662 923 et
680 860 906 941 ju'gameotum
926 862 1041 927 fronlit

136 950 327 1014 ¹ticulatum.
362 947 503 1010 Articuli
518 950 586 1011 lere
604 949 638 1009 in
657 949 810 1010 omuibus
827 947 988 1013 diametro
1002 970 1043 1033 req

146 1039 213 1112 les,
238 1038 429 1116 plerumque
456 1034 651 1097 striis‘binis
669 1034 833 1117 parallelis
860 1035 963 1114 nigris
986 1038 1043 1115 long

52 1121 54 1126 ’
139 1122 310 1197 ,dinatinus
337 1120 451 1183 notati.
506 1119 604 1184 Romi
633 1120 761 1205 pinnati
789 1121 900 1206 pinnis
929 1122 1041 1205 alterni

147 1209 326 1296 plerisque,
349 1208 382 1268 in
406 1206 597 1290 quibusdam
622 1207 790 1291 oppositis.
825 1206 963 1272 Fructus
987 1206 1043 1273 exi

147 1298 239 1379 apice
258 1312 421 1359 fatuorum
438 1294 587 1367 formati,
607 1290 752 1354 alticulis
773 1293 821 1356 ibi
844 1295 1043 1375 obliteratint

148 1402 210 1468 que
230 1381 381 1461 hyalinus
399 1380 503 1441 iactus
525 1381 558 1441 in
576 1377 797 1461 pedunculum
809 1378 1043 1463 elongatur,tlil

149 1482 222 1541 tur,
244 1479 276 1529 et
297 1467 330 1526 io
355 1467 519 1550 capsulam
539 1467 609 1548 (llic
629 1466 835 1550 Spbacellam
856 1466 1043 1571 vocamini*

150 1566 260 1619 vatam
282 1555 561 1615 membranaceum
585 1563 738 1630 mutatur,
757 1553 897 1637 sporidia
915 1554 1043 1635 nignn

150 1641 298 1715 dentem,
321 1637 408 1701 unde
429 1637 518 1703 nudo
537 1642 630 1701 oculo
651 1640 759 1723 apices
778 1661 943 1703 ramorum
963 1638 1043 1727 qunti

149 1751 207 1810 gro
221 1727 398 1810 spbacelati
413 1738 579 1813 apparent.
610 1723 798 1792 Substantia
814 1726 1028 1809 rigidiuscula.

150 1820 200 1879 lor
221 1814 395 1876 olivaceus.

253 1944 445 2008 Aberrntio.
477 1940 601 2006 Radics
616 1941 775 2026 quaedam
793 1944 919 2029 species
934 1952 1043 2010 scuutr

152 2044 283 2121 stuposa
303 2028 462 2112 gandent,
480 2042 516 2092 nt
533 2031 743 2112 Spbnceloria
760 2032 918 2112 plumoso,
937 2038 1043 2099 cirrlrot

152 2121 218 2187 off:
237 2117 341 2182 Striae
373 2119 481 2195 nigrae
510 2117 717 2183 articulorum
742 2117 897 2181 deficiunt
925 2118 960 2183 in
985 2110 1042 2203 apt

153 2212 239 2269 laria
264 2208 445 2267 callitricho
473 2213 505 2266 et
527 2225 659 2279 crosso,
682 2224 816 2289 quarum
833 2207 954 2269 lubrica
971 2198 1043 2291 qnol

152 2293 252 2357 modo
275 2290 402 2353 diversa
424 2288 570 2366 videtur,
593 2301 688 2373 atque
712 2290 859 2369 tenuiora
873 2304 905 2355 ct
922 2295 1043 2356 membr

147 2400 230 2460 ·cea;
265 2376 420 2440 deliciunt
442 2376 524 2439 item
553 2378 590 2439 in
617 2378 827 2459 Splrnccloriu
856 2385 1043 2456 cortinam*

79 2508 87 2521 ·
146 2469 240 2531 striis
260 2464 402 2550 quidem,
418 2463 473 2526 sed
494 2461 723 2539 dissimilibus,
741 2467 944 2528 tenuioribus
966 2462 1043 2529 niori

154 2554 332 2629 continuis,
354 2562 387 2613 et
408 2552 554 2635 pluribus
582 2551 736 2613 instructa
763 2560 821 2617 est.
843 2551 980 2627 -Fila
1001 2552 1043 2615 sitt

154 2641 203 2705 cla
232 2641 266 2702 in
297 2642 507 2721 Splrucelon'o
532 2642 667 2698 minuto.
698 2672 744 2683 —
770 2635 962 2720 Splracellae
998 2640 1032 2702 iu

154 2727 307 2789 omnibus
329 2726 540 2803 observatae}
558 2721 614 2785 ssd
637 2733 670 2787 ot
690 2725 773 2785 alius
790 2727 913 2786 fructus
937 2726 973 2787 in
996 2724 1043 2813 qul

149 2813 248 2886 tiam,
267 2823 304 2874 ut
322 2812 533 2893 Splrncelon'a
558 2815 712 2891 cirrlrusn,
733 2809 785 2873 cui
805 2813 955 2895 capsulae
975 2814 1043 2875 latet

154 2910 288 2972 ovatae,
320 2898 445 2972 fuscae,
481 2893 590 2958 medio
608 2888 789 2975 obscurae,;
811 2899 901 2959 nulla
924 2898 1043 2963 mutarit

152 3006 208 3069 gra
247 2983 397 3067 repletae.
444 2978 620 3066 capsulae,
652 3002 732 3065 quas
759 2982 803 3045 lit'
822 2987 946 3067 Spano.
970 3008 1043 3050 raet

151 3071 338 3138 observavit
354 3064 515 3153 Graville,
533 3070 642 3133 forsan
660 3065 808 3148 ejusdem
825 3081 971 3135 naturae.

256 3204 416 3268 Historia.
448 3200 701 3266 Restitutoribus
733 3204 899 3269 botanices
918 3227 985 3270 una
1010 3224 1043 3269 rt

155 3305 218 3357 tera
249 3292 372 3378 species
392 3303 517 3353 tantum
545 3290 689 3369 cognita,
714 3303 750 3354 ut
777 3295 993 3375 Sptzacelun'o
1017 3313 1043 3355 st

153 3388 223 3452 rio,
245 3383 454 3441 steinberc.
494 3374 532 3436 ln
562 3376 792 3440 recentioribus
815 3382 1043 3463 temporibus}

153 3486 227 3541 rnaa
242 3467 429 3524 observatae
451 3473 484 3525 et
502 3461 697 3546 descriptae,
720 3476 753 3525 ut
777 3464 994 3546 Sphncelurio
1013 3467 1043 3540 fit

152 3573 171 3614 a
194 3549 419 3634 Gratelonpio‚
453 3552 668 3631 scopnrioides
686 3558 718 3610 et
738 3556 903 3631 spinrrloso
926 3573 944 3615 a
966 3552 1043 3634 Lyn*

153 3643 330 3723 caespituln
363 3656 382 3698 a
406 3633 609 3719 Dillwynio,
635 3656 840 3700 racemosus
863 3635 1037 3708 Grovillio.
