<?xml version="1.0" encoding="UTF-8"?>
<!DOCTYPE html PUBLIC "-//W3C//DTD XHTML 1.0 Transitional//EN"
    "http://www.w3.org/TR/xhtml1/DTD/xhtml1-transitional.dtd">
<html xmlns="http://www.w3.org/1999/xhtml" xml:lang="en" lang="en">
 <head>
  <title>
</title>
<meta http-equiv="Content-Type" content="text/html;charset=utf-8" />
  <meta name='ocr-system' content='tesseract 3.04.00' />
  <meta name='ocr-capabilities' content='ocr_page ocr_carea ocr_par ocr_line ocrx_word'/>
</head>
<body>
  <div class='ocr_page' id='page_1' title='image "./speciesalgarumr00agargoog_0033.png"; bbox 0 0 2416 4364; ppageno 0'>
   <div class='ocr_carea' id='block_1_1' title="bbox 166 311 216 370">
    <p class='ocr_par' dir='ltr' id='par_1_1' title="bbox 166 311 216 370">
     <span class='ocr_line' id='line_1_1' title="bbox 166 311 216 370; baseline 0 0"><span class='ocrx_word' id='word_1_1' title='bbox 166 311 216 370; x_wconf 75' lang='lat' dir='ltr'>xx</span> 
     </span>
    </p>
   </div>
   <div class='ocr_carea' id='block_1_2' title="bbox 166 434 1158 768">
    <p class='ocr_par' dir='ltr' id='par_1_2' title="bbox 166 434 1153 768">
     <span class='ocr_line' id='line_1_2' title="bbox 166 434 1152 559; baseline -0.007 -25"><span class='ocrx_word' id='word_1_2' title='bbox 166 468 285 559; x_wconf 85' lang='lat' dir='ltr'>spitem</span> <span class='ocrx_word' id='word_1_3' title='bbox 300 491 471 559; x_wconf 80' lang='lat' dir='ltr'>emergere</span> <span class='ocrx_word' id='word_1_4' title='bbox 485 467 573 537; x_wconf 81' lang='lat' dir='ltr'>vidit</span> <span class='ocrx_word' id='word_1_5' title='bbox 595 484 628 537; x_wconf 90' lang='lat' dir='ltr'>ct</span> <span class='ocrx_word' id='word_1_6' title='bbox 645 434 845 539; x_wconf 69' lang='lat' dir='ltr'>Pmimtltom</span> <span class='ocrx_word' id='word_1_7' title='bbox 855 482 1051 556; x_wconf 83' lang='lat' dir='ltr'>procreare.</span> <span class='ocrx_word' id='word_1_8' title='bbox 1088 456 1152 529; x_wconf 87' lang='lat' dir='ltr'>Se·</span> 
     </span>
     <span class='ocr_line' id='line_1_3' title="bbox 167 570 1153 658; baseline -0.004 -23"><span class='ocrx_word' id='word_1_9' title='bbox 167 572 278 657; x_wconf 86' lang='lat' dir='ltr'>quitur</span> <span class='ocrx_word' id='word_1_10' title='bbox 298 571 407 658; x_wconf 89' lang='lat' dir='ltr'>itaque</span> <span class='ocrx_word' id='word_1_11' title='bbox 427 573 546 638; x_wconf 87' lang='lat' dir='ltr'>hanc&#39;</span> <span class='ocrx_word' id='word_1_12' title='bbox 534 587 621 638; x_wconf 86' lang='lat' dir='ltr'>mter</span> <span class='ocrx_word' id='word_1_13' title='bbox 650 570 846 640; x_wconf 78' lang='lat' dir='ltr'>Peoice&#39;lliom</span> <span class='ocrx_word' id='word_1_14' title='bbox 871 582 903 634; x_wconf 87' lang='lat' dir='ltr'>et</span> <span class='ocrx_word' id='word_1_15' title='bbox 930 575 977 634; x_wconf 91' lang='lat' dir='ltr'><strong><em>H</em></strong></span> <span class='ocrx_word' id='word_1_16' title='bbox 961 588 1153 655; x_wconf 65' lang='lat' dir='ltr'>sgrucrocm</span> 
     </span>
     <span class='ocr_line' id='line_1_4' title="bbox 170 667 1158 768; baseline -0.009 -28"><span class='ocrx_word' id='word_1_17' title='bbox 170 674 434 768; x_wconf 88' lang='lat' dir='ltr'>conjunctionem</span> <span class='ocrx_word' id='word_1_18' title='bbox 464 671 698 738; x_wconf 86' lang='lat' dir='ltr'>accidentalem</span> <span class='ocrx_word' id='word_1_19' title='bbox 726 694 804 737; x_wconf 88' lang='lat' dir='ltr'>esse</span> <span class='ocrx_word' id='word_1_20' title='bbox 844 669 884 762; x_wconf 58' lang='lat' dir='ltr'>i)</span> <span class='ocrx_word' id='word_1_21' title='bbox 945 669 1020 757; x_wconf 91' lang='lat' dir='ltr'>lpse</span> <span class='ocrx_word' id='word_1_22' title='bbox 1050 667 1158 732; x_wconf 89' lang='lat' dir='ltr'>etiam·</span> 
     </span>
    </p>
   </div>
   <div class='ocr_carea' id='block_1_3' title="bbox 40 770 1151 866">
    <p class='ocr_par' dir='ltr' id='par_1_3' title="bbox 40 770 1151 866">
     <span class='ocr_line' id='line_1_5' title="bbox 40 770 1151 866; baseline -0.007 -24"><span class='ocrx_word' id='word_1_23' title='bbox 40 778 43 787; x_wconf 81' lang='grc'><strong>’</strong></span> <span class='ocrx_word' id='word_1_24' title='bbox 122 829 125 835; x_wconf 81' lang='lat'><strong>.</strong></span> <span class='ocrx_word' id='word_1_25' title='bbox 165 776 302 866; x_wconf 81' lang='lat' dir='ltr'>Neesius</span> <span class='ocrx_word' id='word_1_26' title='bbox 324 800 391 840; x_wconf 92' lang='lat' dir='ltr'>non</span> <span class='ocrx_word' id='word_1_27' title='bbox 411 798 472 865; x_wconf 89' lang='lat' dir='ltr'>pro</span> <span class='ocrx_word' id='word_1_28' title='bbox 496 775 610 840; x_wconf 89' lang='lat' dir='ltr'>eadem</span> <span class='ocrx_word' id='word_1_29' title='bbox 630 770 737 863; x_wconf 90' lang='lat' dir='ltr'>specie</span> <span class='ocrx_word' id='word_1_30' title='bbox 759 773 863 838; x_wconf 79' lang='lat' dir='ltr'>&#39;habet</span> <span class='ocrx_word' id='word_1_31' title='bbox 891 786 1046 857; x_wconf 89' lang='lat' dir='ltr'>utrasque</span> <span class='ocrx_word' id='word_1_32' title='bbox 1078 770 1151 835; x_wconf 86' lang='lat' dir='ltr'>for·</span> 
     </span>
    </p>
   </div>
   <div class='ocr_carea' id='block_1_4' title="bbox 165 874 1151 979">
    <p class='ocr_par' dir='ltr' id='par_1_4' title="bbox 165 874 1151 979">
     <span class='ocr_line' id='line_1_6' title="bbox 165 874 1151 979; baseline -0.01 -33"><span class='ocrx_word' id='word_1_33' title='bbox 165 903 248 956; x_wconf 86' lang='lat' dir='ltr'>mas,</span> <span class='ocrx_word' id='word_1_34' title='bbox 269 879 325 945; x_wconf 90' lang='lat' dir='ltr'>sed</span> <span class='ocrx_word' id='word_1_35' title='bbox 347 902 408 979; x_wconf 89' lang='lat' dir='ltr'>per</span> <span class='ocrx_word' id='word_1_36' title='bbox 428 876 709 965; x_wconf 80' lang='lat' dir='ltr'>metamorphosin</span> <span class='ocrx_word' id='word_1_37' title='bbox 729 898 799 942; x_wconf 87' lang='lat' dir='ltr'>esse</span> <span class='ocrx_word' id='word_1_38' title='bbox 820 876 959 940; x_wconf 87' lang='lat' dir='ltr'>alteram</span> <span class='ocrx_word' id='word_1_39' title='bbox 981 897 1025 938; x_wconf 87' lang='lat' dir='ltr'>ex</span> <span class='ocrx_word' id='word_1_40' title='bbox 1045 874 1151 938; x_wconf 87' lang='lat' dir='ltr'>altera</span> 
     </span>
    </p>
   </div>
   <div class='ocr_carea' id='block_1_5' title="bbox 39 972 1152 1079">
    <p class='ocr_par' dir='ltr' id='par_1_5' title="bbox 39 972 1152 1079">
     <span class='ocr_line' id='line_1_7' title="bbox 39 972 1152 1079; baseline -0.004 -34"><span class='ocrx_word' id='word_1_41' title='bbox 39 1068 42 1076; x_wconf 29' lang='grc' dir='ltr'>Ι</span> <span class='ocrx_word' id='word_1_42' title='bbox 77 1016 101 1077; x_wconf 46' lang='lat' dir='ltr'><em>g</em></span> <span class='ocrx_word' id='word_1_43' title='bbox 166 996 286 1047; x_wconf 87' lang='lat' dir='ltr'>ortam.</span> <span class='ocrx_word' id='word_1_44' title='bbox 300 972 438 1079; x_wconf 57' lang='lat' dir='ltr'>anue</span> <span class='ocrx_word' id='word_1_45' title='bbox 459 979 582 1066; x_wconf 82' lang='lat' dir='ltr'>magis</span> <span class='ocrx_word' id='word_1_46' title='bbox 580 978 745 1044; x_wconf 82' lang='lat' dir='ltr'>credibile</span> <span class='ocrx_word' id='word_1_47' title='bbox 772 992 838 1060; x_wconf 83' lang='lat' dir='ltr'>est,</span> <span class='ocrx_word' id='word_1_48' title='bbox 863 962 1046 1059; x_wconf 76' lang='lat' dir='ltr'>Peniotllia,</span> <span class='ocrx_word' id='word_1_49' title='bbox 1068 998 1152 1063; x_wconf 88' lang='lat' dir='ltr'>quae</span> 
     </span>
    </p>
   </div>
   <div class='ocr_carea' id='block_1_6' title="bbox 126 1079 1154 1688">
    <p class='ocr_par' dir='ltr' id='par_1_6' title="bbox 126 1079 1154 1688">
     <span class='ocr_line' id='line_1_8' title="bbox 169 1079 1152 1201; baseline -0.005 -51"><span class='ocrx_word' id='word_1_50' title='bbox 169 1082 287 1151; x_wconf 90' lang='lat' dir='ltr'>alias</span> <span class='ocrx_word' id='word_1_51' title='bbox 275 1109 312 1150; x_wconf 88' lang='grc' dir='ltr'>ιιι</span> <span class='ocrx_word' id='word_1_52' title='bbox 328 1086 399 1149; x_wconf 72' lang='lat' dir='ltr'>non</span> <span class='ocrx_word' id='word_1_53' title='bbox 416 1082 557 1168; x_wconf 86' lang='lat' dir='ltr'>liquidis</span> <span class='ocrx_word' id='word_1_54' title='bbox 568 1097 726 1158; x_wconf 82' lang='lat' dir='ltr'>creseunt,</span> <span class='ocrx_word' id='word_1_55' title='bbox 745 1081 845 1149; x_wconf 87' lang='lat' dir='ltr'>etiam</span> <span class='ocrx_word' id='word_1_56' title='bbox 866 1087 903 1148; x_wconf 90' lang='lat' dir='ltr'>in</span> <span class='ocrx_word' id='word_1_57' title='bbox 912 1080 1050 1201; x_wconf 37' lang='lat' dir='ltr'>&#39;liquido</span> <span class='ocrx_word' id='word_1_58' title='bbox 1066 1079 1152 1146; x_wconf 91' lang='lat' dir='ltr'>oriri</span> 
     </span>
     <span class='ocr_line' id='line_1_9' title="bbox 168 1182 1153 1276; baseline -0.003 -24"><span class='ocrx_word' id='word_1_59' title='bbox 168 1208 281 1276; x_wconf 85' lang='lat' dir='ltr'>posse,</span> <span class='ocrx_word' id='word_1_60' title='bbox 299 1183 479 1250; x_wconf 79' lang='lat' dir='ltr'>Hottociu</span> <span class='ocrx_word' id='word_1_61' title='bbox 467 1207 504 1247; x_wconf 89' lang='grc' dir='ltr'>ιιι</span> <span class='ocrx_word' id='word_1_62' title='bbox 526 1182 620 1248; x_wconf 90' lang='lat' dir='ltr'>siccis</span> <span class='ocrx_word' id='word_1_63' title='bbox 638 1197 669 1249; x_wconf 90' lang='lat' dir='ltr'>et</span> <span class='ocrx_word' id='word_1_64' title='bbox 691 1190 764 1251; x_wconf 77' lang='lat' dir='ltr'>Al·</span> <span class='ocrx_word' id='word_1_65' title='bbox 736 1191 773 1248; x_wconf 89' lang='lat' dir='ltr'>oe&#39;</span> <span class='ocrx_word' id='word_1_66' title='bbox 787 1184 826 1251; x_wconf 93' lang='lat' dir='ltr'>in</span> <span class='ocrx_word' id='word_1_67' title='bbox 845 1185 950 1270; x_wconf 88' lang='lat' dir='ltr'>aquis.</span> <span class='ocrx_word' id='word_1_68' title='bbox 1011 1185 1153 1252; x_wconf 79' lang='lat' dir='ltr'>Plantae</span> 
     </span>
     <span class='ocr_line' id='line_1_10' title="bbox 166 1284 1152 1374; baseline -0.003 -20"><span class='ocrx_word' id='word_1_69' title='bbox 166 1289 263 1367; x_wconf 70' lang='lat' dir='ltr'>,enim</span> <span class='ocrx_word' id='word_1_70' title='bbox 278 1286 357 1353; x_wconf 88' lang='lat' dir='ltr'>illae</span> <span class='ocrx_word' id='word_1_71' title='bbox 374 1284 634 1374; x_wconf 81' lang='lat' dir='ltr'>imperfectiores</span> <span class='ocrx_word' id='word_1_72' title='bbox 646 1286 806 1353; x_wconf 76' lang='lat' dir='ltr'>minustet</span> <span class='ocrx_word' id='word_1_73' title='bbox 826 1287 992 1354; x_wconf 85' lang='lat' dir='ltr'>difficilius</span> <span class='ocrx_word' id='word_1_74' title='bbox 1010 1286 1152 1356; x_wconf 85' lang='lat' dir='ltr'>diversis</span> 
     </span>
     <span class='ocr_line' id='line_1_11' title="bbox 171 1387 1152 1482; baseline -0.001 -26"><span class='ocrx_word' id='word_1_75' title='bbox 171 1387 347 1456; x_wconf 87' lang='lat' dir='ltr'>momentis</span> <span class='ocrx_word' id='word_1_76' title='bbox 377 1388 567 1453; x_wconf 82' lang='lat' dir='ltr'>adsuescere</span> <span class='ocrx_word' id='word_1_77' title='bbox 597 1404 758 1478; x_wconf 88' lang='lat' dir='ltr'>possunt,</span> <span class='ocrx_word' id='word_1_78' title='bbox 792 1403 891 1477; x_wconf 87' lang='lat' dir='ltr'>quam</span> <span class='ocrx_word' id='word_1_79' title='bbox 927 1391 1152 1482; x_wconf 84' lang='lat' dir='ltr'>perfectiores.</span> 
     </span>
     <span class='ocr_line' id='line_1_12' title="bbox 167 1490 1154 1569; baseline 0 -12"><span class='ocrx_word' id='word_1_80' title='bbox 167 1492 316 1569; x_wconf 86' lang='lat' dir='ltr'>Diversa</span> <span class='ocrx_word' id='word_1_81' title='bbox 340 1490 428 1555; x_wconf 86' lang='lat' dir='ltr'>enim</span> <span class='ocrx_word' id='word_1_82' title='bbox 457 1509 622 1556; x_wconf 85' lang='lat' dir='ltr'>momenta</span> <span class='ocrx_word' id='word_1_83' title='bbox 652 1492 688 1556; x_wconf 87' lang='lat' dir='ltr'>in</span> <span class='ocrx_word' id='word_1_84' title='bbox 714 1491 782 1560; x_wconf 80' lang='lat' dir='ltr'>illis</span> <span class='ocrx_word' id='word_1_85' title='bbox 813 1518 882 1561; x_wconf 87' lang='lat' dir='ltr'>non</span> <span class='ocrx_word' id='word_1_86' title='bbox 909 1495 1073 1562; x_wconf 88' lang='lat' dir='ltr'>diversam</span> <span class='ocrx_word' id='word_1_87' title='bbox 1093 1514 1154 1558; x_wconf 84' lang='lat' dir='ltr'>va·</span> 
     </span>
     <span class='ocr_line' id='line_1_13' title="bbox 126 1584 1150 1688; baseline -0.006 -26"><span class='ocrx_word' id='word_1_88' title='bbox 126 1595 129 1606; x_wconf 85' lang='lat'>&#39;</span> <span class='ocrx_word' id='word_1_89' title='bbox 167 1596 321 1662; x_wconf 86' lang='lat' dir='ltr'>rietatem</span> <span class='ocrx_word' id='word_1_90' title='bbox 330 1595 387 1661; x_wconf 85' lang='lat' dir='ltr'>vel</span> <span class='ocrx_word' id='word_1_91' title='bbox 397 1593 549 1674; x_wconf 86' lang='lat' dir='ltr'>formam,</span> <span class='ocrx_word' id='word_1_92' title='bbox 560 1584 940 1688; x_wconf 86' lang='lat' dir='ltr'>seddiversamspeciem</span> <span class='ocrx_word' id='word_1_93' title='bbox 956 1595 1150 1686; x_wconf 85' lang='lat' dir='ltr'>producunt.</span> 
     </span>
    </p>
   </div>
   <div class='ocr_carea' id='block_1_7' title="bbox 213 1715 1155 1810">
    <p class='ocr_par' dir='ltr' id='par_1_7' title="bbox 213 1715 1155 1810">
     <span class='ocr_line' id='line_1_14' title="bbox 213 1715 1155 1810; baseline -0.004 -29"><span class='ocrx_word' id='word_1_94' title='bbox 213 1717 246 1803; x_wconf 87' lang='lat' dir='ltr'>e)</span> <span class='ocrx_word' id='word_1_95' title='bbox 266 1716 582 1799; x_wconf 75' lang='lat' dir='ltr'>Batrachospermeuo</span> <span class='ocrx_word' id='word_1_96' title='bbox 601 1740 676 1782; x_wconf 92' lang='lat' dir='ltr'>cum</span> <span class='ocrx_word' id='word_1_97' title='bbox 691 1719 890 1784; x_wconf 76' lang='lat' dir='ltr'>Nostocltiraie</span> <span class='ocrx_word' id='word_1_98' title='bbox 907 1715 1088 1810; x_wconf 78' lang='lat' dir='ltr'>conjungit.</span> <span class='ocrx_word' id='word_1_99' title='bbox 1110 1751 1155 1763; x_wconf 95' lang='lat'>-</span> 
     </span>
    </p>
   </div>
   <div class='ocr_carea' id='block_1_8' title="bbox 61 1816 1157 1904">
    <p class='ocr_par' dir='ltr' id='par_1_8' title="bbox 61 1816 1157 1904">
     <span class='ocr_line' id='line_1_15' title="bbox 61 1816 1157 1904; baseline 0 -19"><span class='ocrx_word' id='word_1_100' title='bbox 61 1861 63 1866; x_wconf 94' lang='lat'>·</span> <span class='ocrx_word' id='word_1_101' title='bbox 169 1818 286 1885; x_wconf 90' lang='lat' dir='ltr'>Potius</span> <span class='ocrx_word' id='word_1_102' title='bbox 304 1818 428 1885; x_wconf 82' lang='lat' dir='ltr'>vellem</span> <span class='ocrx_word' id='word_1_103' title='bbox 450 1819 692 1904; x_wconf 75' lang='lat' dir='ltr'>Glaetopltorum</span> <span class='ocrx_word' id='word_1_104' title='bbox 707 1822 814 1888; x_wconf 87' lang='lat' dir='ltr'>solam</span> <span class='ocrx_word' id='word_1_105' title='bbox 833 1846 852 1887; x_wconf 92' lang='lat' dir='ltr'>a</span> <span class='ocrx_word' id='word_1_106' title='bbox 864 1816 1079 1887; x_wconf 77' lang='lat' dir='ltr'>Noatochinic</span> <span class='ocrx_word' id='word_1_107' title='bbox 1097 1843 1157 1885; x_wconf 81' lang='lat' dir='ltr'>se-</span> 
     </span>
    </p>
   </div>
   <div class='ocr_carea' id='block_1_9' title="bbox 113 1923 1156 2095">
    <p class='ocr_par' dir='ltr' id='par_1_9' title="bbox 113 1923 1156 2093">
     <span class='ocr_line' id='line_1_16' title="bbox 170 1923 1156 2021; baseline 0.002 -33"><span class='ocrx_word' id='word_1_108' title='bbox 170 1936 322 2012; x_wconf 88' lang='lat' dir='ltr'>paratam</span> <span class='ocrx_word' id='word_1_109' title='bbox 342 1923 650 2010; x_wconf 70' lang='lat' dir='ltr'>Batrodtoapermet‘s</span> <span class='ocrx_word' id='word_1_110' title='bbox 671 1941 860 2021; x_wconf 84' lang='lat' dir='ltr'>annectere,</span> <span class='ocrx_word' id='word_1_111' title='bbox 886 1940 918 1990; x_wconf 88' lang='lat' dir='ltr'>et</span> <span class='ocrx_word' id='word_1_112' title='bbox 943 1925 990 1992; x_wconf 88' lang='lat' dir='ltr'>ita</span> <span class='ocrx_word' id='word_1_113' title='bbox 1008 1923 1156 2000; x_wconf 88' lang='lat' dir='ltr'>dimidia</span> 
     </span>
     <span class='ocr_line' id='line_1_17' title="bbox 113 2016 890 2095; baseline 0.001 -4"><span class='ocrx_word' id='word_1_114' title='bbox 113 2036 116 2041; x_wconf 84' lang='grc'><strong>“</strong></span> <span class='ocrx_word' id='word_1_115' title='bbox 174 2021 232 2091; x_wconf 86' lang='lat' dir='ltr'>via</span> <span class='ocrx_word' id='word_1_116' title='bbox 252 2020 328 2090; x_wconf 87' lang='lat' dir='ltr'>viro</span> <span class='ocrx_word' id='word_1_117' title='bbox 358 2023 571 2092; x_wconf 88' lang='lat' dir='ltr'>celeberrimo</span> <span class='ocrx_word' id='word_1_118' title='bbox 600 2026 814 2095; x_wconf 79' lang='lat' dir='ltr'>obviamne</span> <span class='ocrx_word' id='word_1_119' title='bbox 885 2016 890 2052; x_wconf 76' lang='lat'><em>¹</em></span> 
     </span>
    </p>
   </div>
   <div class='ocr_carea' id='block_1_10' title="bbox 175 2116 1156 2334">
    <p class='ocr_par' dir='ltr' id='par_1_10' title="bbox 175 2116 1156 2334">
     <span class='ocr_line' id='line_1_18' title="bbox 217 2116 1156 2234; baseline 0.002 -24"><span class='ocrx_word' id='word_1_120' title='bbox 217 2141 483 2234; x_wconf 66' lang='lat' dir='ltr'>OGocjuuum</span> <span class='ocrx_word' id='word_1_121' title='bbox 471 2167 509 2209; x_wconf 89' lang='grc' dir='ltr'>ιιι</span> <span class='ocrx_word' id='word_1_122' title='bbox 530 2144 595 2211; x_wconf 90' lang='lat' dir='ltr'>duo</span> <span class='ocrx_word' id='word_1_123' title='bbox 613 2169 733 2232; x_wconf 83' lang='lat' dir='ltr'>genera</span> <span class='ocrx_word' id='word_1_124' title='bbox 753 2167 904 2234; x_wconf 88' lang='lat' dir='ltr'>separare</span> <span class='ocrx_word' id='word_1_125' title='bbox 928 2116 1052 2224; x_wconf 82' lang='lat' dir='ltr'>studet,</span> <span class='ocrx_word' id='word_1_126' title='bbox 1074 2169 1156 2232; x_wconf 87' lang='lat' dir='ltr'>quo·</span> 
     </span>
     <span class='ocr_line' id='line_1_19' title="bbox 175 2242 1154 2334; baseline -0.003 -20"><span class='ocrx_word' id='word_1_127' title='bbox 175 2277 252 2320; x_wconf 82' lang='lat' dir='ltr'>rum</span> <span class='ocrx_word' id='word_1_128' title='bbox 281 2250 423 2313; x_wconf 87' lang='lat' dir='ltr'>alterum</span> <span class='ocrx_word' id='word_1_129' title='bbox 446 2243 568 2334; x_wconf 89' lang='lat' dir='ltr'>species</span> <span class='ocrx_word' id='word_1_130' title='bbox 592 2242 754 2334; x_wconf 82' lang='lat' dir='ltr'>geniculis</span> <span class='ocrx_word' id='word_1_131' title='bbox 780 2244 933 2313; x_wconf 90' lang='lat' dir='ltr'>coloratis</span> <span class='ocrx_word' id='word_1_132' title='bbox 963 2246 1154 2313; x_wconf 87' lang='lat' dir='ltr'>contineret.</span> 
     </span>
    </p>
   </div>
   <div class='ocr_carea' id='block_1_11' title="bbox 279 2365 1153 2458">
    <p class='ocr_par' dir='ltr' id='par_1_11' title="bbox 279 2365 1153 2458">
     <span class='ocr_line' id='line_1_20' title="bbox 279 2365 1153 2458; baseline -0.002 -21"><span class='ocrx_word' id='word_1_133' title='bbox 279 2366 398 2437; x_wconf 87' lang='lat' dir='ltr'>Nescio</span> <span class='ocrx_word' id='word_1_134' title='bbox 428 2389 510 2433; x_wconf 83' lang='lat' dir='ltr'>vero</span> <span class='ocrx_word' id='word_1_135' title='bbox 527 2388 607 2453; x_wconf 89' lang='lat' dir='ltr'>quas</span> <span class='ocrx_word' id='word_1_136' title='bbox 624 2366 681 2431; x_wconf 92' lang='lat' dir='ltr'>hic</span> <span class='ocrx_word' id='word_1_137' title='bbox 701 2365 823 2455; x_wconf 88' lang='lat' dir='ltr'>specics</span> <span class='ocrx_word' id='word_1_138' title='bbox 845 2365 1011 2458; x_wconf 85' lang='lat' dir='ltr'>intelligat</span> <span class='ocrx_word' id='word_1_139' title='bbox 1032 2383 1153 2435; x_wconf 84' lang='lat' dir='ltr'>auctor.</span> 
     </span>
    </p>
   </div>
   <div class='ocr_carea' id='block_1_12' title="bbox 93 2482 1173 3574">
    <p class='ocr_par' dir='ltr' id='par_1_12' title="bbox 93 2482 1173 3400">
     <span class='ocr_line' id='line_1_21' title="bbox 219 2482 1158 2578; baseline 0 -24"><span class='ocrx_word' id='word_1_140' title='bbox 219 2496 257 2578; x_wconf 84' lang='lat' dir='ltr'>g)</span> <span class='ocrx_word' id='word_1_141' title='bbox 273 2488 329 2554; x_wconf 90' lang='lat' dir='ltr'>Me</span> <span class='ocrx_word' id='word_1_142' title='bbox 349 2483 570 2576; x_wconf 83' lang='lat' dir='ltr'>Lyngbyeum</span> <span class='ocrx_word' id='word_1_143' title='bbox 587 2482 624 2548; x_wconf 88' lang='lat' dir='ltr'>in</span> <span class='ocrx_word' id='word_1_144' title='bbox 634 2483 866 2551; x_wconf 85' lang='lat' dir='ltr'>coordinandis</span> <span class='ocrx_word' id='word_1_145' title='bbox 883 2487 1091 2578; x_wconf 75' lang='lat' dir='ltr'>Ectocarpeis</span> <span class='ocrx_word' id='word_1_146' title='bbox 1118 2487 1158 2553; x_wconf 87' lang='lat' dir='ltr'>in</span> 
     </span>
     <span class='ocr_line' id='line_1_22' title="bbox 179 2586 1160 2686; baseline -0.005 -24"><span class='ocrx_word' id='word_1_147' title='bbox 179 2595 360 2686; x_wconf 87' lang='lat' dir='ltr'>Systemate</span> <span class='ocrx_word' id='word_1_148' title='bbox 385 2591 551 2676; x_wconf 82' lang='lat' dir='ltr'>Algarum</span> <span class='ocrx_word' id='word_1_149' title='bbox 568 2587 653 2651; x_wconf 82' lang='lat'><strong>1827</strong></span> <span class='ocrx_word' id='word_1_150' title='bbox 666 2586 847 2676; x_wconf 86' lang='lat' dir='ltr'>praecipue</span> <span class='ocrx_word' id='word_1_151' title='bbox 872 2606 1020 2656; x_wconf 90' lang='lat' dir='ltr'>secutum</span> <span class='ocrx_word' id='word_1_152' title='bbox 1053 2591 1160 2658; x_wconf 83' lang='lat' dir='ltr'>fnisse</span> 
     </span>
     <span class='ocr_line' id='line_1_23' title="bbox 178 2687 1161 2780; baseline -0.004 -16"><span class='ocrx_word' id='word_1_153' title='bbox 178 2701 331 2765; x_wconf 87' lang='lat' dir='ltr'>observat</span> <span class='ocrx_word' id='word_1_154' title='bbox 349 2691 452 2759; x_wconf 86' lang='lat' dir='ltr'>Link.</span> <span class='ocrx_word' id='word_1_155' title='bbox 494 2687 579 2755; x_wconf 79' lang='lat' dir='ltr'>Cum</span> <span class='ocrx_word' id='word_1_156' title='bbox 602 2691 642 2754; x_wconf 88' lang='lat' dir='ltr'>dc</span> <span class='ocrx_word' id='word_1_157' title='bbox 663 2693 724 2754; x_wconf 88' lang='lat' dir='ltr'>hac</span> <span class='ocrx_word' id='word_1_158' title='bbox 740 2713 777 2755; x_wconf 88' lang='lat' dir='ltr'>re</span> <span class='ocrx_word' id='word_1_159' title='bbox 795 2691 833 2755; x_wconf 91' lang='lat' dir='ltr'>in</span> <span class='ocrx_word' id='word_1_160' title='bbox 849 2694 1050 2780; x_wconf 76' lang='lat' dir='ltr'>opellamea</span> <span class='ocrx_word' id='word_1_161' title='bbox 1068 2695 1161 2762; x_wconf 75' lang='lat' dir='ltr'>silui,</span> 
     </span>
     <span class='ocr_line' id='line_1_24' title="bbox 93 2786 1164 2885; baseline -0.004 -17"><span class='ocrx_word' id='word_1_162' title='bbox 93 2786 96 2795; x_wconf 41' lang='lat'><strong><em>¹</em></strong></span> <span class='ocrx_word' id='word_1_163' title='bbox 180 2802 276 2867; x_wconf 84' lang='lat' dir='ltr'>facile</span> <span class='ocrx_word' id='word_1_164' title='bbox 292 2800 427 2885; x_wconf 87' lang='lat' dir='ltr'>quisque</span> <span class='ocrx_word' id='word_1_165' title='bbox 438 2818 480 2859; x_wconf 84' lang='lat' dir='ltr'>ex</span> <span class='ocrx_word' id='word_1_166' title='bbox 487 2794 550 2858; x_wconf 88' lang='lat' dir='ltr'>ista</span> <span class='ocrx_word' id='word_1_167' title='bbox 560 2793 788 2861; x_wconf 81' lang='lat' dir='ltr'>observatione</span> <span class='ocrx_word' id='word_1_168' title='bbox 796 2795 942 2862; x_wconf 88' lang='lat' dir='ltr'>crederet</span> <span class='ocrx_word' id='word_1_169' title='bbox 951 2821 1004 2863; x_wconf 91' lang='lat' dir='ltr'>me</span> <span class='ocrx_word' id='word_1_170' title='bbox 1016 2797 1164 2865; x_wconf 89' lang='lat' dir='ltr'>aliorum</span> 
     </span>
     <span class='ocr_line' id='line_1_25' title="bbox 180 2892 1164 2989; baseline -0.005 -17"><span class='ocrx_word' id='word_1_171' title='bbox 180 2903 307 2972; x_wconf 87' lang='lat' dir='ltr'>monita</span> <span class='ocrx_word' id='word_1_172' title='bbox 336 2897 420 2966; x_wconf 91' lang='lat' dir='ltr'>mihi</span> <span class='ocrx_word' id='word_1_173' title='bbox 446 2892 592 2962; x_wconf 81' lang='lat' dir='ltr'>voluisse</span> <span class='ocrx_word' id='word_1_174' title='bbox 619 2916 796 2980; x_wconf 85' lang='lat' dir='ltr'>arrogare,</span> <span class='ocrx_word' id='word_1_175' title='bbox 826 2898 913 2982; x_wconf 79' lang='lat' dir='ltr'>quod</span> <span class='ocrx_word' id='word_1_176' title='bbox 944 2923 1037 2965; x_wconf 86' lang='lat' dir='ltr'>ame</span> <span class='ocrx_word' id='word_1_177' title='bbox 1060 2901 1164 2989; x_wconf 80' lang='lat' dir='ltr'>longe</span> 
     </span>
     <span class='ocr_line' id='line_1_26' title="bbox 181 2997 1173 3082; baseline 0.006 -16"><span class='ocrx_word' id='word_1_178' title='bbox 181 3009 336 3074; x_wconf 75' lang='lat' dir='ltr'>alienum,</span> <span class='ocrx_word' id='word_1_179' title='bbox 408 2997 526 3065; x_wconf 88' lang='lat' dir='ltr'>Nescio</span> <span class='ocrx_word' id='word_1_180' title='bbox 558 3013 657 3082; x_wconf 81' lang='lat' dir='ltr'>quam</span> <span class='ocrx_word' id='word_1_181' title='bbox 688 2997 787 3063; x_wconf 86' lang='lat' dir='ltr'>habet</span> <span class='ocrx_word' id='word_1_182' title='bbox 815 3001 951 3066; x_wconf 83' lang='lat' dir='ltr'>assertio</span> <span class='ocrx_word' id='word_1_183' title='bbox 984 3003 1173 3074; x_wconf 66' lang='lat' dir='ltr'>rationem,</span> 
     </span>
     <span class='ocr_line' id='line_1_27' title="bbox 94 3098 1164 3196; baseline -0.001 -21"><span class='ocrx_word' id='word_1_184' title='bbox 94 3149 99 3159; x_wconf 92' lang='lat'>·</span> <span class='ocrx_word' id='word_1_185' title='bbox 182 3109 239 3176; x_wconf 84' lang='lat' dir='ltr'>Ex</span> <span class='ocrx_word' id='word_1_186' title='bbox 258 3104 443 3196; x_wconf 80' lang='lat' dir='ltr'>Lyngbyeo</span> <span class='ocrx_word' id='word_1_187' title='bbox 464 3098 502 3164; x_wconf 92' lang='lat' dir='ltr'>in</span> <span class='ocrx_word' id='word_1_188' title='bbox 517 3112 692 3188; x_wconf 80' lang='lat' dir='ltr'>systemate</span> <span class='ocrx_word' id='word_1_189' title='bbox 710 3099 842 3185; x_wconf 88' lang='lat' dir='ltr'>quidem</span> <span class='ocrx_word' id='word_1_190' title='bbox 864 3102 1019 3192; x_wconf 85' lang='lat' dir='ltr'>adoptavi</span> <span class='ocrx_word' id='word_1_191' title='bbox 1037 3109 1164 3187; x_wconf 88' lang='lat' dir='ltr'>omnia,</span> 
     </span>
     <span class='ocr_line' id='line_1_28' title="bbox 188 3199 1166 3302; baseline -0.014 -23"><span class='ocrx_word' id='word_1_192' title='bbox 188 3214 324 3302; x_wconf 89' lang='lat' dir='ltr'>quaein</span> <span class='ocrx_word' id='word_1_193' title='bbox 348 3228 443 3272; x_wconf 91' lang='lat' dir='ltr'>usum</span> <span class='ocrx_word' id='word_1_194' title='bbox 458 3199 613 3271; x_wconf 87' lang='lat' dir='ltr'>scientiae</span> <span class='ocrx_word' id='word_1_195' title='bbox 636 3217 829 3268; x_wconf 86' lang='lat' dir='ltr'>convertere</span> <span class='ocrx_word' id='word_1_196' title='bbox 844 3207 946 3292; x_wconf 89' lang='lat' dir='ltr'>potui.</span> <span class='ocrx_word' id='word_1_197' title='bbox 992 3209 1058 3276; x_wconf 85' lang='lat' dir='ltr'>Sed</span> <span class='ocrx_word' id='word_1_198' title='bbox 1082 3235 1166 3277; x_wconf 86' lang='lat' dir='ltr'>exa.</span> 
     </span>
     <span class='ocr_line' id='line_1_29' title="bbox 182 3304 1169 3400; baseline -0.011 -17"><span class='ocrx_word' id='word_1_199' title='bbox 182 3334 232 3384; x_wconf 90' lang='lat' dir='ltr'>ete</span> <span class='ocrx_word' id='word_1_200' title='bbox 253 3315 291 3380; x_wconf 90' lang='lat' dir='ltr'>in</span> <span class='ocrx_word' id='word_1_201' title='bbox 311 3305 513 3390; x_wconf 79' lang='lat' dir='ltr'>Eetocarpeir</span> <span class='ocrx_word' id='word_1_202' title='bbox 534 3304 643 3369; x_wconf 86' lang='lat' dir='ltr'>minus</span> <span class='ocrx_word' id='word_1_203' title='bbox 662 3306 762 3370; x_wconf 89' lang='lat' dir='ltr'>debeo</span> <span class='ocrx_word' id='word_1_204' title='bbox 784 3308 980 3400; x_wconf 83' lang='lat' dir='ltr'>Lyngbyeo,</span> <span class='ocrx_word' id='word_1_205' title='bbox 1006 3337 1104 3400; x_wconf 77' lang='lat' dir='ltr'>quam</span> <span class='ocrx_word' id='word_1_206' title='bbox 1127 3317 1169 3384; x_wconf 74' lang='lat' dir='ltr'>in</span> 
     </span>
    </p>

    <p class='ocr_par' dir='ltr' id='par_1_13' title="bbox 185 3406 1172 3574">
     <span class='ocr_line' id='line_1_30' title="bbox 185 3406 1172 3503; baseline -0.002 -16"><span class='ocrx_word' id='word_1_207' title='bbox 185 3418 308 3487; x_wconf 89' lang='lat' dir='ltr'>ceteris.</span> <span class='ocrx_word' id='word_1_208' title='bbox 359 3407 537 3475; x_wconf 85' lang='lat' dir='ltr'>Familiam</span> <span class='ocrx_word' id='word_1_209' title='bbox 556 3406 625 3494; x_wconf 86' lang='lat' dir='ltr'>ipse</span> <span class='ocrx_word' id='word_1_210' title='bbox 640 3408 804 3477; x_wconf 87' lang='lat' dir='ltr'>constitui.</span> <span class='ocrx_word' id='word_1_211' title='bbox 838 3411 966 3478; x_wconf 86' lang='lat' dir='ltr'>Genera</span> <span class='ocrx_word' id='word_1_212' title='bbox 995 3417 1066 3503; x_wconf 86' lang='lat' dir='ltr'>ipsc</span> <span class='ocrx_word' id='word_1_213' title='bbox 1087 3419 1172 3490; x_wconf 88' lang='lat' dir='ltr'>licet</span> 
     </span>
     <span class='ocr_line' id='line_1_31' title="bbox 1105 3511 1171 3574; baseline 0.03 -2"><span class='ocrx_word' id='word_1_214' title='bbox 1105 3511 1171 3574; x_wconf 81' lang='lat' dir='ltr'>sub</span> 
     </span>
    </p>
   </div>
   <div class='ocr_carea' id='block_1_13' title="bbox 185 3589 394 3610">
    <p class='ocr_par' dir='ltr' id='par_1_14' title="bbox 185 3589 394 3610">
     <span class='ocr_line' id='line_1_32' title="bbox 185 3589 394 3610; baseline -0.01 -6"><span class='ocrx_word' id='word_1_215' title='bbox 185 3589 394 3610; x_wconf 64' lang='grc' dir='ltr'>ρισ--ιι--ι-</span> 
     </span>
    </p>
   </div>
   <div class='ocr_carea' id='block_1_14' title="bbox 215 3634 1170 3770">
    <p class='ocr_par' dir='ltr' id='par_1_15' title="bbox 215 3634 1170 3770">
     <span class='ocr_line' id='line_1_33' title="bbox 215 3634 1168 3710; baseline 0.007 -22"><span class='ocrx_word' id='word_1_216' title='bbox 215 3645 242 3710; x_wconf 80' lang='grc'>*)</span> <span class='ocrx_word' id='word_1_217' title='bbox 262 3641 320 3688; x_wconf 81' lang='lat' dir='ltr'>Alia</span> <span class='ocrx_word' id='word_1_218' title='bbox 329 3638 461 3690; x_wconf 83' lang='lat' dir='ltr'>occasione</span> <span class='ocrx_word' id='word_1_219' title='bbox 474 3635 580 3685; x_wconf 68' lang='lat' dir='ltr'>Necatus</span> <span class='ocrx_word' id='word_1_220' title='bbox 591 3634 740 3700; x_wconf 79' lang='lat' dir='ltr'>Rdt&#39;zopodo</span> <span class='ocrx_word' id='word_1_221' title='bbox 757 3637 905 3702; x_wconf 71' lang='lat' dir='ltr'>nt&#39;grieante</span> <span class='ocrx_word' id='word_1_222' title='bbox 917 3653 1095 3710; x_wconf 82' lang='lat' dir='ltr'>evanescente,</span> <span class='ocrx_word' id='word_1_223' title='bbox 1112 3650 1168 3695; x_wconf 83' lang='lat' dir='ltr'>Pe-</span> 
     </span>
     <span class='ocr_line' id='line_1_34' title="bbox 245 3705 1170 3770; baseline 0.006 -11"><span class='ocrx_word' id='word_1_224' title='bbox 245 3711 370 3760; x_wconf 68' lang='lat' dir='ltr'>cerellium</span> <span class='ocrx_word' id='word_1_225' title='bbox 382 3709 504 3770; x_wconf 72' lang='lat' dir='ltr'>glaucam</span> <span class='ocrx_word' id='word_1_226' title='bbox 520 3720 667 3757; x_wconf 78' lang='lat' dir='ltr'>excrescere</span> <span class='ocrx_word' id='word_1_227' title='bbox 682 3707 753 3760; x_wconf 81' lang='lat' dir='ltr'>vidit.</span> <span class='ocrx_word' id='word_1_228' title='bbox 786 3709 815 3758; x_wconf 83' lang='lat' dir='ltr'>Si</span> <span class='ocrx_word' id='word_1_229' title='bbox 830 3705 880 3759; x_wconf 87' lang='lat' dir='ltr'>noir</span> <span class='ocrx_word' id='word_1_230' title='bbox 897 3711 1021 3760; x_wconf 79' lang='lat' dir='ltr'>identicus</span> <span class='ocrx_word' id='word_1_231' title='bbox 1040 3724 1078 3762; x_wconf 83' lang='lat' dir='ltr'>est</span> <span class='ocrx_word' id='word_1_232' title='bbox 1108 3731 1170 3766; x_wconf 84' lang='lat' dir='ltr'>cum</span> 
     </span>
    </p>
   </div>
   <div class='ocr_carea' id='block_1_15' title="bbox 243 3776 1169 3846">
    <p class='ocr_par' dir='ltr' id='par_1_16' title="bbox 243 3776 1169 3846">
     <span class='ocr_line' id='line_1_35' title="bbox 243 3776 1169 3846; baseline 0.008 -16"><span class='ocrx_word' id='word_1_233' title='bbox 243 3780 415 3846; x_wconf 70' lang='lat' dir='ltr'>morangulo,</span> <span class='ocrx_word' id='word_1_234' title='bbox 426 3791 503 3839; x_wconf 80' lang='lat' dir='ltr'>quare</span> <span class='ocrx_word' id='word_1_235' title='bbox 518 3790 575 3826; x_wconf 76' lang='lat' dir='ltr'>eant</span> <span class='ocrx_word' id='word_1_236' title='bbox 584 3776 801 3845; x_wconf 64' lang='lat' dir='ltr'>Hypocroce‘dr?</span> <span class='ocrx_word' id='word_1_237' title='bbox 819 3780 953 3839; x_wconf 71' lang='lat' dir='ltr'>notzere</span> <span class='ocrx_word' id='word_1_238' title='bbox 970 3781 1040 3835; x_wconf 74' lang='lat'><strong>1820</strong></span> <span class='ocrx_word' id='word_1_239' title='bbox 1060 3801 1088 3845; x_wconf 79' lang='lat' dir='ltr'>p.</span> <span class='ocrx_word' id='word_1_240' title='bbox 1100 3786 1169 3842; x_wconf 79' lang='grc'><strong>532.</strong></span> 
     </span>
    </p>
   </div>
   <div class='ocr_carea' id='block_1_16' title="bbox 0 0 1217 4364">
    <p class='ocr_par' dir='ltr' id='par_1_17' title="bbox 0 0 1217 4364">
     <span class='ocr_line' id='line_1_36' title="bbox 0 0 1217 4364; baseline 0 0"><span class='ocrx_word' id='word_1_241' title='bbox 0 0 1217 4364; x_wconf 95' lang='lat' dir='ltr'> </span> 
     </span>
    </p>
   </div>
  </div>
 </body>
</html>
