2416 4364
1032 352 1096 394 uu

111 516 334 593 pmvssmie'
366 505 555 578 'Limnaeut
583 509 726 576 nimium
753 505 928 578 contraxit.
1002 498 1094 564 Dein
1121 490 1125 498 ¹

115 624 237 677 ΝΜ
256 603 298 673 ati
317 611 822 698 separandumsocontularunt·
842 598 1095 677 Willdenovius

111 706 316 781 euntem&
333 708 572 785 Ducendullius
598 710 739 802 separat.
774 706 948 779 contrahit
972 703 1096 820 Sps-ens·

112 813 206 901 'gel-
207 808 296 879 sed
313 815 494 902 pendulum
516 816 615 886 etiam
631 840 670 882 eo
690 813 876 931 systematis
892 796 1000 878 motus
1019 801 1098 870 irni-
1121 838 1125 845 >
1166 820 1184 885 ᾗ,

115 926 191 991 tat,
189 924 247 977 *nt
271 914 494 986 oscillationea
510 938 640 1004 semper
658 917 740 983 fiant
755 915 911 987 minores,
928 922 960 976 et
973 904 1097 991 verita·¹

120 1010 495 1099 temquatiarctioribus
500 1017 665 1087 limitibus
676 1042 805 1136 semper
819 1032 1009 1101 semperque
1017 1008 1097 1071 defi

115 1116 203 1197 nist,
222 1131 319 1203 atque
332 1131 491 1205 punctum
506 1143 624 1186 verum
644 1121 779 1210 propius
802 1129 923 1204 tangat.
957 1109 1045 1176 Est
1033 1123 1097 1174 ua-

114 1242 187 1315 ῃο
203 1217 269 1295 hic
283 1240 476 1311 progressus
491 1220 646 1287 scientiae
665 1222 703 1292 iu
728 1220 799 1309 ipsa
819 1232 941 1285 natura
954 1213 1099 1281 humana

117 1320 293 1425 fundatus,
318 1343 400 1406 quae
420 1320 510 1386 ideas
532 1339 564 1387 et
583 1323 658 1388 ideo
675 1323 851 1391 veritatem
870 1342 938 1389 nou
952 1315 1019 1383 nisi
1039 1336 1097 1402 ap·

115 1400 383 1516 propinquando
392 1422 525 1513 saepitu
547 1425 703 1516 amplecti
728 1438 845 1518 potest.

206 1535 279 1625 Si
282 1557 392 1619 autam
417 1544 604 1631 quaeritur,
632 1544 710 1629 quid
736 1544 842 1632 magis
869 1545 913 1608 ati
929 1539 1098 1613 scientiam

111 1638 389 1735 amplificandam
420 1659 452 1711 ot
478 1644 574 1716 citius
602 1645 739 1711 adeam
764 1644 997 1734 perficiendam
1021 1665 1098 1705 oon-

116 1750 226 1825 ferat‚
246 1744 422 1821 contractio
441 1771 484 1813 an
504 1746 678 1836 separatio,
694 1747 875 1833 unicuique
890 1744 1099 1813 manifestum

113 1866 192 1932 -cst,
209 1848 314 1936 magis
328 1874 400 1921 essa
411 1852 566 1923 scientiae
583 1853 722 1921 noxiam
734 1853 988 1927 commeationem
997 1869 1099 1933 ,quam

111 1949 580 2041 separationem„·separaudo
593 1970 670 2020 uon
688 1953 929 2029 confundimus,
943 1951 1029 2038 quod
1049 1949 1098 2012 ia·
1188 1962 1192 1968 ·

122 2056 192 2123 cile
214 2051 501 2127 fiteentraheudo.
536 2053 678 2138 Ideoque
696 2052 754 2125 ille
768 2076 886 2142 parum
906 2063 1024 2143 peccat,
1043 2046 1100 2133 qui

116 2158 252 2225 sermm
274 2153 456 2241 distinguit,
476 2155 554 2240 quia
576 2169 700 2230 tantum
722 2156 836 2242 quaesi
847 2167 968 2246 potest,
987 2165 1100 2217 utrum

119 2257 173 2329 ¹ita
186 2256 361 2325 distinctae
371 2256 499 2335 formae
512 2256 578 2327 sint
592 2258 768 2336 varietates
782 2281 827 2329 an
841 2257 962 2346 species
974 2281 1019 2325 an
1029 2256 1100 2325 ior-

120 2384 187 2433 ·uu
206 2383 348 2449 genera,
372 2360 413 2425 do
436 2385 501 2447 qua
521 2363 695 2450 raparum
717 2359 915 2455 conveniunt
945 2357 1100 2427 hoeniei,
1204 2378 1206 2384 ·

121 2455 196 2552 ¹Qui
214 2479 325 2537 antem
340 2460 530 2541 confundit,
553 2463 591 2528 in
611 2463 707 2534 chaos
725 2462 893 2531 scientiam
910 2462 1031 2528 iterum
1047 2483 1102 2525 re-

90 2622 93 2627 .
133 2567 238 2652 iuuit,
255 2567 605 2639 uudeillameueherc
621 2582 653 2637 et
675 2569 806 2633 salvaro
826 2590 938 2632 omnes
958 2564 1028 2633 veri
1043 2586 1104 2633 ua-

130 2686 223 2747 turae
235 2672 496 2759 ‚investigatores
518 2695 646 2743 summa
667 2694 730 2760 opo
749 2669 822 2737 niti-
839 2673 940 2738 decet.

212 2790 287 2879 Ego
309 2792 470 2878 itaquein
489 2817 527 2859 re
554 2792 655 2857 dubia
682 2792 749 2859 mei
776 2816 846 2859 esse
870 2790 968 2857 officii
994 2790 1102 2879 potius

120 2894 334 2982 distinguere
352 2917 451 2980 quam
469 2895 662 2961 contrahere
683 2894 775 2965 duxi.
842 2893 935 2961 Haec
954 2892 1104 2982 pluribus

120 2996 215 3069 doda
233 3018 386 3084 expresse
404 2994 583 3066 declaravi.
620 2993 714 3082 (cfr.
735 3019 762 3064 e.
783 3021 815 3084 g.
837 2994 1107 3085 systemAlgar.

119 3126 163 3193 ·p.
185 3096 284 3167 ΠΗ.
304 3096 384 3184 lx.)
416 3094 529 3184 ltaque
549 3096 580 3162 si
600 3096 655 3162 hic
671 3098 814 3186 peceavi,
838 3098 874 3163 id
891 3097 955 3163 fuit
976 3101 1107 3166 oonsul-

128 3212 178 3275 ιο.
229 3202 425 3293 Numquam
446 3216 556 3267 tamen
575 3200 772 3271 crediderim
788 3201 857 3269 id
846 3228 883 3267 m
908 3203 951 3269 iis
980 3205 1107 3272 casibus

120 3308 259 3445 tactum
268 3301 382 3381 firmae,
404 3300 463 3369 uhi
480 3301 579 3371 illud
588 3301 818 3369 animadvertit
838 3303 1008 3396 Meyenus.

146 3425 315 3498 Haeo
330 3425 441 3491 omnia
462 3425 503 3489 de
529 3423 696 3513 speciebus
719 3424 818 3489 valet.
866 3423 932 3491 sod
950 3451 1109 3514 generum

120 3531 272 3603 'omnino
293 3525 460 3595 contraria
476 3539 524 3590 est
538 3523 633 3589 ratio.
668 3523 825 3610 Quorum¹
834 3527 1008 3618 explicatio
1022 3554 1110 3596 sem-

96 3628 99 3633 ¹
129 3659 234 3731 per
208 3630 396 3701 excentrica
416 3643 448 3697 et
470 3628 644 3717 divergens
662 3641 722 3713 est,
741 3651 846 3719 neque
861 3629 919 3713 ita,
938 3647 975 3699 ut
988 3634 1111 3727 specie.

115 3762 216 3829 Ιιαιιι
235 3733 407 3819 uenatio,
425 3727 565 3799 oscillat
601 3728 677 3817 Quo
693 3727 799 3817 magis
819 3731 1030 3821 progreditur
1050 3737 1116 3802 sci·

1060 3846 1118 3889 en·
