2416 4364
163 288 278 337 mvi

168 446 362 516 enunciatae
380 451 422 518 ad
450 453 618 542 Algamm
642 454 866 544 cognitionem
892 438 1160 544 promovendam

169 562 257 615 certe
287 552 431 619 multum
449 559 668 629 contulerunt.
811 626 825 667 ,

273 705 432 773 ttamen
443 753 452 784 ,
479 710 688 799 Goodichamt
716 722 748 776 et
775 711 941 778 D'Urttdle
969 733 987 775 e
1008 709 1078 774 suis
1099 708 1159 775 iti·

171 807 307 875 neribus
320 809 524 897 ·longinquis
552 811 795 901 pulcherrimas
817 813 1005 878 retulerunt
1035 808 1158 899 Algas,

173 909 292 996 quibus
314 923 460 1000 systema
477 912 582 978 variis
607 927 639 977 et
654 911 752 979 novis
773 913 891 978 formis
912 913 1115 980 ditaveremt.

563 1034 773 1053 Ἢ

260 1084 348 1145 Leon
372 1083 422 1143 Le
449 1078 537 1144 cdere
565 1078 614 1144 sic
637 1077 740 1144 dictes
760 1076 947 1146 P'roliferas
968 1079 1096 1146 eximie
1115 1079 1158 1147 il·
1200 1096 1202 1175 ξ

171 1179 339 1248 lustravit.
836 1233 839 1239 ,
1013 1197 1019 1209 ·
1200 1186 1202 1235 Ι

581 1308 749 1327 w

280 1355 434 1433 Gratata,
463 1351 537 1435 vir,
573 1378 637 1439 quo
664 1352 831 1419 neminem
859 1346 969 1443 potius
999 1344 1160 1439 indigis

176 1458 371 1528 definiendis
401 1455 494 1542 sequi
522 1457 619 1539 volo,
652 1456 828 1575 principiis
863 1456 950 1546 apud
984 1450 1176 1541 utrumqne

176 1564 307 1647 iisdem,
318 1574 450 1651 praeter
471 1559 557 1677 quod
573 1558 697 1659 species
713 1558 836 1651 optime
858 1554 1043 1647 descripsit,
1059 1556 1161 1647 plara

175 1691 265 1735 nova
295 1686 418 1753 genera
442 1660 659 1744 constituit,
656 1679 705 1726 ut

218 1754 473 1857 Asperoeauloo,
493 1766 579 1851 quod
599 1764 755 1832 coincidit
779 1787 852 1831 cnm
859 1787 933 1830 meo
958 1761 1202 1847 Sticdocerrpo

264 1870 321 1938 vel
340 1870 483 1936 sectione
505 1870 609 1935 altera
628 1869 696 1936 mei
724 1869 855 1957 generis
878 1867 1019 1939 Daciae
1073 1948 1075 1953 Ι
1197 1802 1202 1967 i

220 1968 499 2058 Spongtocarptem,
523 1970 610 2056 quod
631 1962 731 2036 idem
744 1993 781 2035 ac
795 1993 869 2049 mea
888 1960 1041 2055 Podpt'des.
1131 2049 1134 2053 Ι
1200 1978 1202 1993 ²

228 2078 423 2150 Ειιῖανίιιιιι,
453 2097 535 2160 quae
550 2074 621 2139 sere
636 2070 799 2141 'coincidit
830 2098 905 2139 cum
937 2094 1009 2137 mea
1033 2070 1164 2137 Licnia-

260 2180 381 2264 pdora,
391 2174 555 2241 limitibus
569 2174 648 2243 licet
665 2177 904 2262 quodammodo
919 2172 1016 2241 aliter
1033 2175 1164 2265 positis.

222 2283 438 2367 Berkeleyam,
452 2302 527 2344 meo
549 2280 666 2365 generi
685 2281 918 2351 Schizonemati
927 2280 1082 2362 affinem,
1106 2278 1164 2347 sed

265 2398 303 2450 ut
323 2383 457 2451 videtur
478 2382 677 2451 distinctam.
1020 2372 1023 2377 ¹

223 2493 373 2556 Monema
406 2487 615 2576 amplectitur
647 2489 770 2579 species
800 2489 958 2577 quasdam
982 2482 1166 2556 Schizone·

268 2587 386 2671 matis,
409 2588 450 2655 ab
473 2613 511 2654 eo
530 2580 693 2658 limitibus
715 2616 812 2681 aegre
837 2592 1120 2689 distinguendmn.

271 2692 539 2772 carmictaeziam,
551 2718 634 2780 quae
643 2682 880 2771 coinciditctim
893 2682 1168 2780 mea'Stilopdoro

182 2795 372 2888 Singularis
394 2794 613 2861 coincidentia
624 2797 797 2872 Grevillii
825 2813 856 2873 et
886 2821 1037 2865 meorum
1066 2821 1169 2885 gene·

181 2927 268 2972 rum.
315 2892 508 2964 Diversitas
531 2897 707 2965 nominum
726 2903 783 2969 vel
808 2900 929 2967 exinde
950 2900 1049 2985 fluit,
1077 2902 1167 2989 qnod

183 3011 300 3076 eodem
312 3019 460 3093 tempore
477 3003 518 3068 ab
533 3017 672 3090 utroque
687 2990 824 3071 inventa
839 3019 870 3070 et
886 3003 1062 3071 constituta
1076 3020 1166 3089 sunt,
1200 3046 1202 3093 ;

182 3114 240 3181 vel
266 3108 353 3199 qaod
385 3103 507 3193 scripta
542 3120 656 3170 nostra
693 3105 859 3172 nobismet
879 3104 1025 3172 invicem
1050 3104 1169 3193 ignota
1200 3096 1202 3167 ἶ

183 3215 329 3280 fuerunt.
366 3204 465 3295 Quod
486 3228 524 3271 eo
539 3205 646 3294 magis
665 3205 727 3295 illa
746 3230 869 3295 genera
891 3209 1042 3276 stabilire
1059 3211 1170 3279 debet.
1199 3248 1202 3291 :

185 3315 244 3385 Sic
260 3302 376 3381 eodem
393 3329 479 3373 anno
495 3330 532 3373 ac
549 3332 609 3394 ego
624 3310 737 3398 plures
757 3333 861 3375 novas
879 3311 1036 3400 plantas
1024 3338 1062 3377 ιιι
1079 3313 1169 3381 mari

185 3419 358 3488 Adriatico
372 3415 567 3481 inveneram
584 3428 615 3479 et
631 3412 880 3503 descripseram,
893 3415 1078 3485 Grevillius
1096 3444 1170 3488 eas·
1198 3438 1202 3519 Ι

187 3523 292 3592 dem
279 3544 317 3590 m
337 3518 425 3587 mari
447 3516 608 3587 Scotino
595 3514 725 3586 invenit
750 3533 781 3584 et
802 3516 924 3609 pinxit
946 3520 998 3613 *)

1046 3648 1202 3717 ranae

190 3718 1152 3859 Teanam-mmmm,
1198 3738 1202 3853 ι
