2416 4364
197 365 208 407 Ι

157 478 376 545 contem
404 477 663 563 Byrroitss,
694 479 791 562 Rogt
816 475 895 544 Bou
913 484 939 538 t.
961 468 1047 540 ultr

200 564 356 630 Ditlwxc.
376 566 432 630 58.
1042 578 1047 633 t

159 681 395 746 ceramium
412 682 561 760 molle,
579 680 670 747 Roth
689 681 758 749 Get.
775 677 836 745 III.
865 702 899 767 p.
925 678 996 749 18&

157 782 736 871 PolysiphoniaByssoides‚
761 774 1047 873 GreuEdinpffl

156 886 214 954 Ad
230 887 409 950 Fucoidess
433 891 575 967 mojores
594 889 630 950 in
652 887 734 950 Sinu
762 885 908 950 Godsno.

156 993 198 1058 Iu
213 991 299 1054 mari
318 988 573 1074 septentrionali
593 986 787 1054 Germanico
802 998 836 1051 et
854 986 1047 1065 Atlanticus

200 1100 274 1142 oros
294 1075 431 1140 Galliae.

158 1174 1047 1372 ⁵tqttss¹ttllstt⁰trtlltlttffil

200 1366 268 1418 hcl.

217 1471 326 1538 Radix
347 1488 478 1542 seutets.
520 1477 592 1542 Fila
612 1478 814 1565 spithamaea
831 1484 865 1536 et
887 1474 989 1547 ultre,
1002 1477 1047 1532 ssu

114 1561 268 1648 porcinae
286 1567 441 1642 crassitie,
459 1568 581 1630 sensim
599 1576 775 1639 attenuata,
791 1563 924 1624 inferne
943 1556 1047 1622 coutirt

114 1661 149 1712 et
165 1648 279 1726 solida,
300 1654 538 1730 ramosissima,
559 1650 617 1716 sed
636 1649 872 1714 ramificetione
892 1642 1047 1730 magisp‘u

114 1747 208 1815 nata,
230 1758 326 1821 quam
345 1738 541 1801 dichotoma.
589 1735 687 1802 Rani
709 1736 825 1800 alterni
846 1728 1047 1821 petentes,it

114 1823 250 1886 seriores
259 1825 431 1904 longiores,
442 1826 623 1910 superiores
633 1826 758 1888 sensim
774 1823 962 1897 breviores3
976 1836 1047 1883 seru

115 1908 200 1971 darii
219 1912 342 1974 obsessi
368 1913 503 1974 ramulis
518 1913 577 1974 vix
602 1913 726 1975 lineam
757 1907 974 1981 distantibus,
998 1899 1047 1966 lui

7 2058 12 2066 ,
115 1997 310 2076 zontalibus,
332 1999 486 2071 alternis,
512 2002 636 2062 lineam
666 1992 722 2060 vel
742 2017 857 2081 parum
882 1996 967 2056 ultra
986 1992 1047 2069 lorfl

115 2083 208 2169 apice
230 2080 643 2158 dichotomo-multifidis,
664 2084 872 2169 penicillatis.
915 2076 1047 2181 Ramip

53 2220 58 2235 .
113 2169 298 2231 nicillorum
323 2171 392 2233 basi
412 2183 570 2255 patentes,
592 2169 842 2246 adscendentes,
861 2168 898 2230 in
917 2166 1047 2229 emetur

115 2253 367 2318 arachnoidem
385 2261 554 2322 attenuati.
598 2256 739 2321 Articuli
765 2256 816 2318 fili
842 2252 993 2340 primarii
1014 2250 1047 2313 (li

115 2351 220 2404 metro
242 2340 264 2403 2
281 2378 324 2389 -
340 2341 417 2427 3plo
433 2347 607 2426 longiores,
622 2345 787 2408 crucietim
800 2341 853 2405 vel
880 2341 1011 2423 oblique
1021 2350 1047 2397 rt

115 2428 225 2515 nosis3
246 2429 472 2512 penicillorum
495 2434 666 2512 longiores.
705 2431 839 2494 Fructus
852 2425 1047 2512 duplexxrq

115 2519 205 2578 sulae
220 2517 392 2601 elliptieae,
414 2540 433 2582 e
454 2522 588 2583 romulis
600 2513 1001 2602 breviterpedunculatae,
1013 2522 1047 2572 ut

113 2602 242 2664 turitate'
262 2602 585 2688 pallido-hyalinae,
607 2605 697 2690 apice
718 2625 799 2690 poro
818 2599 1047 2676 dehiscentem<

114 2685 275 2751 Stichidiu
296 2694 480 2768 glomerulis
512 2690 770 2772 etrossnguineis
806 2688 956 2774 pulveris
977 2696 1047 2771 spott

115 2776 176 2852 cei,·
197 2776 233 2837 in
251 2776 373 2838 infimis
393 2781 536 2844 articulis
561 2780 784 2866 penicillorum
815 2775 965 2837 inclusis.
1003 2764 1047 2831 sd

113 2861 231 2925 stantia
251 2860 384 2926 lleccirls
401 2866 521 2930 mollis.
566 2865 663 2929 Color
679 2869 814 2926 recentis
835 2880 968 2937 roseus,
982 2858 1047 2921 ati

114 2960 212 3012 eatae
231 2955 546 3033 purpureo-luscus.
589 2951 727 3015 Chartae
744 2960 830 3012 orcle
852 2946 1017 3011 edhesret.

219 3047 396 3133 Triplicem
419 3056 560 3117 fructum
580 3055 717 3118 assumit
736 3049 896 3128 Rothius,
922 3072 991 3114 nou
1013 3056 1047 3110 tu

31 3213 36 3221 θ
113 3142 185 3197 tum
202 3135 355 3200 articulos
370 3139 509 3216 inflatos,
528 3150 560 3203 et
578 3141 734 3225 capsulas,
753 3159 833 3223 quas
850 3138 1047 3225 vesiculssu¹

92 3230 177 3292 est,
201 3233 233 3284 et
259 3243 317 3306 pro
346 3227 581 3310 conceptaculis
609 3226 829 3311 spermaticis,
858 3236 896 3286 ut
922 3234 1002 3287 tun'c'
1019 3230 1047 3283 u·

116 3305 247 3387 opinio,
265 3308 381 3392 habet,
400 3312 458 3376 sed
478 3324 511 3376 et
534 3314 615 3375 alias
631 3314 777 3398 capsulas
799 3312 931 3375 sessiles
948 3307 1047 3392 globo

114 3391 293 3475 spiculates
314 3417 450 3482 opacas,
479 3401 707 3479 tuberculosas,
727 3418 808 3484 quas
833 3399 1047 3483 observarem

14 3522 17 3530 .
117 3478 213 3542 nobis
233 3479 333 3545 licuit.

219 3596 273 3664 Ob
291 3599 440 3665 habitum
458 3599 555 3678 hujus
576 3601 696 3688 speciei
717 3600 903 3690 proprium,
926 3600 970 3667 de
994 3621 1046 3684 syr

115 3684 226 3802 syriis
260 3688 331 3769 ejus
368 3689 460 3753 nullu
490 3684 608 3769 tuttr,
644 3686 887 3807 praeterquod
907 3687 1047 3841 Ducluzp
