2416 4364
158 266 226 311 ΜΗ

163 436 410 504 controversiae
431 442 675 517 obortas-sunt.
702 486 718 497 ··
734 446 828 531 Quas
853 445 912 531 qni
932 461 1047 509 omnes
1073 449 1146 502 trs·

160 543 254 599 ,etare
275 533 341 601 eibi
359 562 577 631 proponeret,
598 566 632 615 et
653 550 695 615 ad
717 566 888 632 utramque
910 559 1039 633 partem
1057 564 1150 611 eom,-

165 656 300 719 Pafma
321 640 352 706 ἱι
379 662 468 713 certe
486 674 557 717 non
575 652 694 719 inutile
712 675 796 741 opus
811 649 999 736 susciperet.
1038 641 1151 727 Quas·

166 736 244 805 dm
266 756 395 815 ‘tntum
422 773 557 834 eornm,
581 755 623 822 ad
639 753 884 844 systematicam
905 749 1072 833 Algarum
1092 767 1150 810 co-

160 842 352 927 finitionem
373 855 592 972 pertinentes,
610 857 825 948 praefationis
842 855 949 921 instar
964 849 1034 919 hie
1042 847 1151 915 levius

167 947 393 1036 perstringere
435 956 499 1025 vix
523 959 743 1027 intermittere
765 958 881 1049 potui,
903 977 979 1022 eum
1004 950 1152 1041 plurim

168 1067 197 1109 a.
208 1070 263 1113 mo
284 1070 381 1119 autea
397 1059 566 1174 proposita
586 1061 682 1127 varie
702 1061 882 1153 dijudicata
898 1056 1047 1135 suerunt,
1065 1073 1152 1137 quae

170 1163 226 1211 aut
246 1170 434 1235 recantare,
458 1182 489 1225 st
479 1158 586 1226 bene
608 1161 752 1227 refutata
770 1175 867 1236 sunt,
894 1170 951 1223 aut
969 1156 1025 1223 si
1020 1154 1153 1245 {injuste

170 1270 362 1340 lmpugnats
391 1261 547 1339 suerunt,
584 1265 799 1361 comprobare
824 1262 915 1357 jubet
940 1256 1154 1327 observantia

170 1369 249 1441 erga
265 1354 403 1449 judiees,
427 1379 460 1431 et
476 1364 622 1433 studium
637 1366 795 1437 scientiae
808 1365 1065 1457 promovendae.

167 1626 203 1767 ἰι
215 1662 391 1736 naam
401 1672 513 1741 orata
531 1678 706 1765 pamma
717 1683 874 1763 agam
885 1665 1153 1743 maereant.

278 1848 364 1919 cum
380 1872 574 1924 remeante
596 1883 651 1926 me
672 1861 778 1945 Algae
800 1882 913 1927 omnes
939 1860 1087 1949 cognitae
1102 1857 1160 1942 „in

174 1976 278 2021 unu·
294 1974 439 2048 systema
460 1962 641 2053 specialius·
654 1963 803 2057 redigere
812 1974 1049 2043 conatusesset,
1061 1959 1161 2036 filum

173 2058 273 2153 hujus
285 2061 400 2153 capitis
416 2062 457 2128 ab
479 2063 538 2130 illo
560 2084 648 2132 anno
668 2066 753 2131 1817
768 2064 935 2147 ducamus,
952 2086 1017 2151 quo
1035 2069 1161 2151 Synep-

174 2160 224 2224 titt
238 2166 395 2247 digerunt
415 2166 647 2233 &ordinariae
665 2166 795 2259 publice
816 2166 1079 2255 divulgaverant,
1104 2163 1162 2231 eui

176 2263 299 2328 scilieet
323 2288 526 2335 annexerem
551 2270 800 2363 dispositionem
827 2272 993 2358 quandam
1019 2289 1163 2357 genera·

172 2365 246 2441 lem
265 2368 414 2436 omnium
433 2371 626 2463 specierum
666 2372 761 2461 Quae
779 2371 1011 2463 dispositio,
982 2396 1013 2439 ιι
1030 2395 1074 2437 ex
1093 2388 1162 2434 una

178 2488 296 2563 parte
293 2472 425 2538 facilior
446 2472 597 2555 videtur,
620 2498 696 2543 enm
724 2474 762 2540 in
785 2472 974 2567 open‘bus
961 2498 1030 2565 Jsm
1049 2470 1163 2538 divul-

179 2575 264 2662 gatis
281 2548 426 2641 iructum
438 2576 604 2664 Algamm
626 2577 809 2643 accuratius
832 2600 1026 2644 examinare
1048 2590 1081 2641 et
1103 2574 1165 2639 de·

180 2678 355 2743 scribere
343 2694 534 2766 inceperant
551 2693 711 2755 sumeres,
733 2702 777 2743 ex
795 2678 899 2744 altera
920 2695 1007 2744 certe
1032 2675 1167 2743 difficil-

180 2779 263 2845 lima
282 2780 458 2855 censenda,
480 2802 556 2846 eum
581 2803 697 2847 eorum
712 2780 949 2869 heterogeneae
968 2780 1167 2870 descriptio·

181 2906 241 2948 nes
274 2907 342 2947 non
374 2897 502 2949 tantum
537 2883 684 2971 propriis
728 2882 1016 2950 observationibus
1044 2904 1169 2949 verum

183 2985 283 3049 etiam
296 2985 384 3049 inter
406 3008 441 3049 se
455 2983 797 3065 accommodarentur,
815 2983 850 3049 id
868 2985 954 3071 quod
974 2999 1043 3049 tam
1061 3007 1171 3050 exse-

184 3089 358 3177 quentibus
379 3112 417 3153 eo
439 3086 561 3153 clarius
580 3086 762 3174 apparebit,
784 3108 859 3151 cnm
876 3110 919 3150 ne
939 3085 1076 3151 unicum
1096 3085 1173 3151 fere

184 3218 287 3283 genus
302 3218 321 3258 a
339 3190 527 3261 consoribus
550 3190 615 3256 {uit
634 3191 806 3272 intactum,
826 3212 926 3279 quem
939 3213 984 3255 ex
997 3214 1175 3280 compara-

184 3299 275 3365 tione
289 3322 382 3363 meae
402 3293 626 3387 dispositionis
646 3316 721 3357 curn
747 3289 1016 3383 dispositionibus
1031 3298 1176 3359 mm

183 3404 311 3479 mxii,
339 3402 518 3490 Lpngbpei‚
538 3394 811 3470 Bonnensot'oonii,
837 3406 871 3459 et
889 3392 1005 3478 Borpi,
1037 3391 1097 3478 qui
1127 3414 1177 3458 ex

185 3509 305 3578 iisdem
322 3531 360 3574 ac
387 3508 459 3596 ipsa
485 3502 676 3573 nannenten
692 3496 843 3567 fontibus
864 3493 1093 3563 divmsitsima
1115 3517 1178 3586 sy-

161 3614 164 3621 ’
186 3627 325 3681 summa
344 3619 597 3703 proposuerunt.
1090 3681 1179 3754 m·-
