2416 4364
1027 226 1034 295 1·
1060 262 1115 311 VH
1125 260 1132 297 '.

121 446 355 514 observatione
372 450 611 540 perspiciendis
622 446 812 539 praeclusa,
824 438 867 506 ad
887 435 983 502 illum
1003 425 1111 517 potiufl

120 551 322 616 medendum
332 566 462 639 promta
472 569 533 636 ast,
548 577 606 639 qur
595 539 947 634 mirabitiaplurima
963 542 1108 605 enarrat,

119 669 155 719 et
173 652 297 745 majori
316 648 438 721 fiducia
460 673 557 743 atque
578 655 752 745 superbius
778 653 819 716 de
848 635 1109 713 antecessoribus

117 758 257 851 judicat.
315 754 383 822 Hic
411 771 522 824 autern
543 780 683 835 censor,
706 754 763 823 vel
793 752 877 817 alios
892 734 1110 830 vituporand⁰

120 876 158 925 et
181 859 392 949 deprimendo
411 860 586 950 semetipse
604 861 740 925 laudaro
756 869 788 921 et
806 852 974 919 celebrare
993 841 1109 925 credit,

123 974 158 1026 et
175 963 212 1026 iit
233 980 320 1046 erga
332 961 419 1033 alios
436 961 588 1063 injustus
605 977 643 1027 ut
662 961 736 1048 ipae
753 958 959 1031 inclarescat,
974 952 1031 1019 vei
1054 968 1109 1011 or·

119 1086 232 1129 rorem
259 1063 346 1131 illud
382 1082 560 1156 reputans,
594 1066 720 1154 quod
709 1086 781 1153 rpsc
808 1082 878 1127 non
906 1053 1105 1133 observavit,

116 1166 318 1277 magistrum
341 1171 559 1241 condemnat
547 1206 559 1248 ,·
578 1193 675 1256 quem
694 1167 788 1255 aequi
810 1189 880 1231 non
905 1174 1022 1251 potest.

225 1302 402 1397 Ejusmodi
421 1290 562 1375 rationis
587 1304 727 1394 agendi
735 1328 804 1367 non
834 1295 995 1385 exemplis
1018 1301 1108 1357 caret

116 1408 312 1495 Algoio'gia.
356 1404 433 1491 Sic',
444 1425 482 1474 ut
513 1406 745 1474 documentum
762 1406 910 1482 afferam,
934 1392 1052 1483 quod
1038 1414 1107 1482 qam
1137 1434 1139 1439 .

115 1508 213 1575 sub
199 1534 275 1600 lure
296 1508 498 1597 posteritatis
520 1524 578 1584 est,
599 1506 762 1586 Mohrius‚
781 1506 837 1572 vir
854 1503 934 1569 alias
956 1495 1106 1566 acutissi-

115 1636 205 1689 mus,
223 1612 339 1685 scd
303 1613 454 1715 numium
466 1611 531 1677 sibi
545 1610 720 1703 confidens,
735 1622 767 1674 et
783 1604 914 1673 adhuc
902 1629 940 1673 m
955 1603 1105 1689 illapaq·

115 1716 152 1779 'te
187 1712 346 1778 scientiae
372 1702 467 1806 tyro,
469 1696 718 1804 Dillw'ynium
738 1709 911 1775 emendare
934 1719 966 1771 et
984 1724 1106 1789 augere

115 1818 211 1921 velie
232 1840 269 1882 se
287 1816 498 1915 professus,
490 1818 538 1915 ita
561 1815 771 1893 emendavit,
793 1828 830 1879 ιιι
851 1833 982 1887 errores
1007 1798 1107 1875 Dill'-

113 1944 242 2015 wymr,
258 1910 514 2009 quipaucissimi
531 1936 636 2002 erant,
649 1940 717 1985 non
728 1920 871 1999 tolleret,
882 1915 938 1981 scd
949 1914 1105 1999 frequen-

114 2022 258 2093 cissimis
278 2022 375 2089 novis
398 2047 480 2113 opus
500 2023 569 2117 ejus
587 2021 731 2089 auxerit.
779 2020 907 2087 Eodem
923 2018 1021 2083 modo
1047 2038 1104 2087 ιιι·
1163 2038 1167 2046 “

115 2125 255 2219 perbius
278 2126 443 2209 tractavit
437 2126 639 2210 Rothium,
651 2150 765 2212 quem,
792 2150 883 2217 por
873 2147 976 2209 annos
996 2121 1034 2187 in
1042 2120 1104 2185 al·

116 2228 173 2319 gis
192 2227 407 2295 enucleandis
436 2244 468 2295 et
487 2228 744 2346 desqribcndis
731 2251 800 2320 Jam
825 2241 1043 2317 occupatum,
1057 2223 1104 2287 ita

113 2326 268 2413 vexavit,
286 2346 323 2392 ut
337 2318 449 2419 partes
461 2328 621 2419 discipuli
636 2345 668 2397 et
688 2329 841 2418 magistri
861 2342 996 2417 repente
1014 2349 1104 2393 com

117 2448 259 2501 mutatas
271 2426 374 2497 fuisse
393 2430 528 2499 diceres.
562 2432 657 2519 Quae
676 2432 855 2521 exempla
844 2430 1009 2497 mnostris
1021 2443 1104 2497 tem·

111 2510 255 2637 peribas
281 2533 507 2629 frequentiora
536 2558 605 2601 csse
632 2534 828 2612 debent,1u
851 2533 968 2621 quibus
997 2533 1104 2597 scien·

118 2638 183 2705 tiae
200 2656 271 2705 tam
290 2624 532 2725 rapideuersus
552 2661 647 2705 suam
666 2632 786 2705 metam
807 2640 971 2717 feruntur,
991 2651 1028 2701 ut
1043 2660 1103 2703 ve·
1124 2682 1132 2713 ,

109 2755 232 2835 'rentur
253 2740 448 2845 quicumque
465 2740 572 2807 scrius
592 2743 630 2811 in
648 2767 762 2841 aarum
774 2744 896 2833 circum
914 2740 1100 2807 intraverit

114 2869 158 2911 ue
176 2866 291 2909 omnes
310 2842 351 2907 ad
370 2866 424 2907 cas
428 2832 681 2935 promovendas
701 2863 810 2935 partes
833 2862 1006 2935 occupatae
1021 2845 1097 2931 sint,

105 2950 270 3037 ¹nihilque
288 2947 341 3013 illi
359 2948 548 3049 relictum
558 2952 656 3017 unde
668 2953 849 3025 anteriores
865 2976 885 3015 a
904 2949 1100 3041 posteriori,-

103 3055 177 3147 Ιιιιιι
195 3050 353 3119 continuo
375 3052 514 3118 retineri
536 3055 641 3119 solent
656 3071 687 3121 et
701 3057 850 3135 maxima
869 3081 912 3122 vr
906 3060 1008 3139 atque
1019 3078 1099 3121 cou-

101 3154 265 3239 tentione
283 3151 442 3243 reprimi,
472 3178 592 3249 parum
613 3156 894 3223 considerantibus
916 3157 1097 3241 scientiam,

111 3274 151 3327 ut
169 3256 393 3351 acclamasse
406 3258 583 3338 infinitam,
599 3275 631 3327 et
647 3262 798 3329 omuibus
815 3265 919 3348 oculis
935 3264 1100 3333 omnium·

111 3386 179 3453 que
201 3358 353 3427 examini
373 3362 555 3451 sufficere„

200 3495 307 3563 Hoc
294 3511 409 3584 rtaque
421 3520 582 3565 concursu
593 3501 744 3588 plurium
759 3526 842 3582 rem,
861 3501 900 3567 dc
917 3526 982 3590 qua
1001 3505 1099 3592 pauci

110 3600 268 3695 judicare
282 3613 431 3691 possunt,
450 3599 726 3691 dijudicantium,
739 3606 864 3673 multae
883 3619 916 3673 et
932 3606 1100 3675 maximae

1020 3716 1102 3763 cou-
